3118 5060
728 220 942 284 ..20-

243 398 374 476 putaret
405 393 437 457 in
472 391 579 456 codice
613 409 670 458 suo
704 409 774 457 esse
806 389 1100 457 accusativum
1139 392 1336 474 pluralis,
1372 393 1441 459 ubi
1550 438 1551 484 3

245 525 356 572 revera
386 502 534 570 exstabat
563 503 799 584 genetivus
834 500 1075 584 singularis.
1120 502 1269 568 Attamen
1301 503 1439 569 dnobus
1550 579 1551 582 Ἴ

243 618 321 684 locis
343 633 452 683 veram
475 612 635 679 codicisV
658 613 851 694 scripturam
873 611 1015 693 expediri
1038 630 1132 696 posse
1153 612 1302 680 arbitror.
1334 615 1439 679 Alter

244 731 328 796 enim
351 732 400 792 est
422 745 447 791 a
468 726 495 804 Ι,
517 722 578 806 iii,
608 723 691 789 alter
713 744 739 789 c.
761 725 787 805 l,
809 725 891 808 8,15.
933 723 1017 789 Nam
1039 725 1080 789 ad
1109 724 1246 807 priorem
1277 725 1381 790 locum
1410 745 1437 790 a

244 838 387 922 Oruquio
410 835 454 921 (p.
477 836 567 915 21‚a)
590 835 746 900 adnotata
768 835 919 918 leguntur
939 833 1033 900 baec:
1063 855 1142 913 ,mac
1165 855 1286 902 careas.
1309 837 1435 919 idest,

243 951 420 1032 Odysseam
442 946 701 1031 periphrasticos,
724 946 756 1011 in
779 946 894 1027 quibus
917 945 1072 1027 dupliceis
1089 945 1214 1029 Ulyssis
1238 965 1349 1014 cursus
1371 946 1435 1014 de·
1513 993 1517 999 -

243 1060 366 1140 scribit,
388 1060 422 1125 id
444 1064 504 1140 est,
526 1075 650 1124 errores
665 1058 781 1137 varica,
802 1076 923 1139 perque
939 1057 1039 1121 maria
1062 1055 1204 1138 spatiosa
1225 1057 1318 1122 latos.
1340 1059 1432 1139 qnod

244 1171 376 1250 ecdico,
399 1169 484 1250 quod
499 1169 659 1234 Homerus
673 1186 694 1231 a
709 1168 804 1232 Troia
826 1173 921 1250 capta
943 1168 974 1232 in
998 1168 1103 1233 reditu
1120 1166 1279 1234 difficileis
1302 1168 1430 1250 Ulyssis

243 1284 368 1349 labores
391 1279 592 1360 decantavit,
620 1298 683 1346 non
705 1279 802 1343 etiam
825 1278 856 1342 in
880 1278 972 1344 aditu
995 1279 1122 1343 Troiam
1153 1297 1281 1358 censue,
1312 1285 1350 1343 ut
1370 1299 1427 1344 ex·

242 1393 332 1477 ponit
353 1392 591 1457 Commentator
614 1388 724 1455 etalii
746 1389 894 1454 nimirum
918 1389 1089 1471 duplicate,
1112 1389 1145 1453 id
1168 1393 1217 1454 est
1239 1389 1361 1454 aditum
1384 1391 1428 1454 ad

244 1505 372 1570 Troiam
394 1503 595 1583 reditumque
616 1501 649 1565 in
670 1500 819 1581 patriam.
856 1519 965 1565 verum
990 1519 1060 1565 cum
1090 1501 1150 1565 viri
1181 1501 1311 1584 quidam
1342 1500 1428 1566 docti

248 1619 289 1680 de
304 1615 396 1702 editu
417 1613 477 1678 hoc
500 1612 563 1678 dici
585 1631 646 1678 non
662 1629 754 1693 posse
769 1612 984 1692 adverterent,
1007 1612 1117 1695 legunt
1139 1612 1287 1695 dupiicia,
1310 1610 1343 1675 id
1366 1617 1427 1693 est,

246 1726 368 1792 versuti
390 1729 423 1789 et
444 1722 568 1803 callidi,
590 1740 648 1804 pro
670 1722 833 1804 Epithetis
856 1722 1033 1788 Homericis
1055 1722 1161 1806 Ulyssi
1184 1723 1278 1788 datis.
1323 1724 1428 1801 Quam

245 1837 374 1919 quidem
397 1835 588 1900 senteutiam
615 1834 676 1899 etsi
703 1853 764 1898 non
791 1833 984 1915 improbem,
1017 1840 1123 1899 tamen
1151 1851 1335 1898 consensum
1361 1853 1428 1898 om-

246 1951 333 2014 nium
357 1963 435 2027 qnos
457 1946 539 2024 vidi,
569 1947 761 2027 scriptorum
790 1945 932 2010 codicum
954 1944 987 2010 in
1009 1945 1056 2030 τῷ
1083 1945 1240 2026 duplicata
1261 1943 1347 2008 nolui
1370 1944 1425 2010 vili

248 2055 382 2126 facere.”
421 2054 495 2146 ¹Hoc
524 2055 623 2137 igitur
646 2056 677 2119 in
701 2073 795 2120 versu
817 2055 956 2120 codicem
979 2055 1008 2119 V
1030 2054 1212 2120 exhibuisse
1234 2055 1330 2137 plane
1360 2057 1429 2136 ,du-

189 2145 191 2152 '
245 2167 512 2253 plices’12),non
535 2163 692 2248 ‚uupnos’
722 2163 924 2230 manifestum
947 2172 1005 2232 est.
1049 2166 1171 2230 nenne
1193 2166 1236 2230 au
1258 2184 1283 2230 c.
1306 2166 1332 2246 1,
1355 2166 1429 2248 ope

246 2278 521 2362 interpretandum
556 2276 715 2357 (lrnquius
747 2277 826 2342 haec
858 2277 957 2342 verba
972 2255 1060 2342 'fecit
1091 2278 1136 2358 (p.
1159 2275 1273 2360 27,b):
1306 2277 1433 2356 ‚ababa

248 2393 360 2458 cultas.
383 2388 559 2455 eratenim
582 2389 703 2454 amictu
733 2388 869 2469 puellari
892 2389 934 2453 ad
957 2389 1168 2472 Lycomedem
1190 2389 1364 2469 deductus,
1393 2396 1432 2455 ut

246 2505 511 2584 supranotatum
543 2505 600 2564 est.
624 2500 692 2564 cod.
715 2499 827 2565 Bland.
850 2499 1017 2579 antiquiss.
1040 2498 1139 2564 babet
1161 2516 1310 2581 expresse
1332 2519 1433 2582 supra

247 2617 392 2679 notatum
414 2609 537 2676 viaticis
559 2627 628 2676 esse
650 2611 825 2676 accusativi
856 2613 976 2676 casus.“
1020 2610 1134 2690 Itaque
1163 2610 1295 2691 quinio
1324 2613 1432 2676 codice

246 2725 276 2790 V
297 2723 395 2789 fuerit
415 2720 535 2803 ,virilis’
558 2720 701 2788 dubitari
729 2739 790 2785 non
814 2727 937 2804 potest,
967 2721 1044 2802 quia
1065 2721 1094 2787 si
1116 2720 1282 2786 habuisset
1304 2723 1432 2801 ,viriles'

249 2835 304 2900 illa
326 2831 590 2898 adnotatiuncula
611 2851 742 2914 prorsus
764 2853 824 2899 non
847 2850 928 2916 opus
951 2831 1074 2898 fuisset.
1098 2867 1139 2878 -

332 2943 488 3023 Quoniam
511 2942 629 3024 igitur,
659 2945 770 3023 quales
799 2943 865 3008 sint
887 2942 1019 3025 (lruquii
1050 2941 1175 3007 dicendi
1205 2943 1430 3026 proprietates,

249 3057 413 3135 habemus,
435 3053 500 3118 iarn
522 3071 569 3130 en,
592 3054 676 3118 unde
699 3053 892 3136 defleximus,
915 3059 1122 3120 revertamur.

335 3165 447 3232 Divaei
460 3163 517 3248 (=
528 3162 707 3248 domionis)
731 3164 814 3230 enim
837 3165 954 3231 codicis
976 3185 997 3230 a
1020 3163 1159 3244 cruquio
1190 3165 1342 3246 inspecti,
1375 3166 1430 3248 qui

251 3279 356 3344 adhuc
386 3281 571 3341 asservatur
601 3275 632 3340 in
657 3277 829 3342 Academia
860 3277 1066 3360 Lugdunensi
1089 3276 1302 3359 Batauorum,
1333 3295 1430 3343 nouas

251 3389 436 3454 nudationes
458 3386 722 3470 diligentissimae
746 3388 865 3469 publici
894 3388 974 3454 iuris
1006 3388 1151 3453 iecerunt
1175 3386 1330 3452 Matthias
1353 3388 1386 3463 ll.
1409 3387 1430 3451 l.

249 3521 280 3582 p.
302 3498 458 3578 55-74)
488 3500 662 3580 eodemque
694 3498 760 3564 fere
789 3505 932 3580 ternpore
960 3498 1183 3563 Haeussnerus
1197 3497 1265 3581 18),
1296 3517 1429 3580 quorum

250 3621 384 3692 uterque
406 3610 580 3691 permultos
601 3609 685 3676 locos
707 3610 884 3692 congessit,
911 3628 950 3676 ex
973 3609 1088 3689 quibus
1109 3609 1284 3688 Grnquium
1308 3627 1432 3674 summa

251 3740 320 3788 cum
351 3720 552 3802 neglegentia
574 3723 614 3786 de
636 3721 712 3802 eis,
733 3739 815 3801 quae
837 3721 868 3785 in
899 3721 1007 3787 codice
1029 3719 1143 3784 Divaei
1171 3718 1336 3800 leguntur,
1366 3721 1431 3785 dis-

254 3830 392 3898 seruisse
413 3839 577 3913 appareat.
622 3834 728 3911 Quare
750 3831 932 3911 videamus,
964 3849 1037 3895 num
1060 3849 1173 3896 revera
1195 3831 1242 3896 illi
1264 3831 1325 3896 loci
1347 3831 1431 3897 eius-

252 3941 336 4007 modi
351 3942 425 4018 sint,
447 3949 577 4024 propter
592 3962 670 4025 quos
687 3942 825 4025 Gruquio
841 3960 965 4008 summa
979 3943 1022 4007 sit
1038 3942 1206 4007 tribuenda
1222 3942 1430 4025 neglegentia.

252 4055 298 4117 Ac
331 4053 465 4132 primurn
494 4054 621 4134 quidem
646 4054 882 4137 Oruquius·,ut
903 4071 1001 4135 supra
1024 4055 1243 4136 exposuimuS,
1274 4054 1308 4117 id
1330 4054 1430 4118 solum

344 4191 395 4268 17)
418 4193 525 4271 Itaque
547 4193 792 4254 Hirschfeldarus
822 4193 951 4266 erravit,
983 4212 1050 4251 num
1079 4191 1112 4249 in
1143 4191 1243 4251 codiee
1266 4195 1294 4253 V
1316 4211 1433 4271 semper

253 4293 439 4354 accusativos
461 4295 492 4354 in
516 4295 559 4369 ,is’
581 4295 673 4355 busca
696 4297 861 4356 affirmarat
883 4295 915 4372 (l.
938 4297 958 4353 l.
981 4316 1010 4373 p.
1036 4279 1097 4372 1'4).
1120 4327 1162 4338 -

341 4397 392 4472 18)
415 4397 452 4456 cf.
475 4396 585 4456 Philol.
608 4398 799 4474 Rundsehau,
825 4402 915 4472 1883,
938 4418 967 4475 p.
991 4402 1169 4458 aaa-243.
