3118 5060
486 247 819 328 .-5*

136 442 188 506 illo
212 441 329 518 codice,
351 457 390 504 ex
412 455 474 518 quo
497 435 628 516 scholia,
651 434 892 516 descripsisset,
915 434 972 499 sed
994 433 1121 497 omnino
1143 434 1176 496 in
1198 431 1313 498 biblio·

136 553 229 618 theca
253 549 468 615 Blandiuiana
491 566 511 613 a
532 566 567 614 se
589 551 750 628 repertam
774 564 844 612 esse
865 543 1029 627 professus
1053 548 1103 610 est
1126 543 1170 625 (p.
1184 545 1239 627 72)
1254 545 1314 625 ¹⁰).

136 665 234 728 Immo
257 679 331 728 uero
353 677 447 741 quern
470 658 614 724 Nannius
643 657 784 739 inspexit
807 657 947 722 codicem
970 675 1033 720 non
1056 653 1158 722 fuisse
1182 655 1316 736 Oruquii

75 775 78 782 “
138 773 395 855 antiquissimum
418 770 514 852 plane
536 769 616 835 haec
637 769 756 834 Nannii
778 768 876 835 verba
898 769 1013 834 docent
1035 776 1081 849 (p.
1104 766 1176 852 89):
1201 771 1314 846 „retus

136 887 234 952 codex
255 883 301 950 nil
324 901 382 948 nos
404 883 437 947 in
461 881 667 948 Sermonibus
690 881 839 946 adiuvat:
862 899 936 945 nam
959 883 1089 960 praeter
1114 879 1204 960 ipsa
1227 895 1316 943 car-

137 997 250 1061 mina
271 993 401 1059 Horatii
422 993 502 1059 nihil
525 990 653 1058 habet''.
698 991 787 1068 Quae
808 990 906 1058 verba
927 992 975 1056 ita
997 989 1213 1072 intellegenda
1235 1007 1315 1067 esse,

135 1107 218 1172 unde
239 1105 357 1170 Nanuii
380 1103 481 1170 codici
503 1103 537 1168 in
561 1099 766 1168 sermonibus
797 1101 920 1168 scholia
942 1101 1108 1183 adscripta
1130 1120 1192 1166 non
1215 1098 1316 1166 fuisse

134 1222 307 1296 statuatur,
330 1214 533 1280 Muetzellius
556 1212 627 1296 (1.1.
646 1230 676 1293 p.
699 1212 885 1296 sta-874)
908 1219 942 1279 et
964 1211 1224 1279 Hirschfelderus
1246 1211 1314 1293 (ll.

134 1349 162 1410 p.
186 1329 220 1409 6)
243 1327 331 1392 haud
362 1325 493 1391 dubium
523 1325 729 1406 reliquerunt.
773 1326 888 1406 Itaque
910 1343 981 1390 cum
1006 1324 1164 1405 Oruquius
1186 1322 1315 1402 saepius

132 1443 173 1506 ad
204 1439 389 1506 Sermonum
419 1435 519 1502 libros
549 1435 713 1502 Blandinii
744 1436 958 1502 vetustissimi
988 1435 1110 1502 scholia
1141 1433 1315 1517 protulerit

136 1551 188 1630 (cf.
211 1552 254 1616 ad
276 1569 301 1616 s.
323 1549 349 1628 I,
374 1547 483 1628 10,28;
514 1548 558 1627 ΙΙ,
581 1547 691 1627 3,208;
723 1547 828 1631 636),
858 1547 942 1613 hunc
972 1552 1005 1613 et
1026 1547 1144 1613 Naunii
1175 1546 1314 1612 codicem
1370 1632 1374 1640 s

134 1682 195 1726 non
229 1661 376 1726 eundem·
395 1657 495 1724 luisse
526 1657 733 1724 manifestum
765 1666 824 1725 est.
879 1658 1001 1735 Quibus
1031 1658 1128 1724 rebus
1160 1655 1314 1737 expositis

133 1772 252 1837 Nannii
279 1769 398 1835 librum
428 1787 525 1833 unum
554 1787 592 1834 ex
621 1768 695 1835 aliis
727 1769 834 1835 tribus
858 1768 989 1850 Gruquii
1010 1767 1192 1833 Blandiniis
1214 1765 1314 1833 fuisse

134 1883 340 1949 statuendum
363 1897 485 1947 censeo.
529 1879 601 1945 Huc
623 1881 762 1959 accedit,
785 1881 870 1961 quod
895 1879 1053 1961 Gruquius
1078 1880 1120 1944 ad
1143 1897 1190 1962 ep.
1213 1880 1239 1959 Ι,
1261 1877 1312 1958 5,1

132 1995 176 2078 (p.
189 1994 262 2074 530,
280 1994 314 2075 a)
337 1993 415 2057 haec
437 1991 623 2060 adnotavit:
643 1992 696 2072 „iu
711 1992 974 2059 adnotationibus
997 1991 1118 2056 unius
1140 1990 1314 2069 Blandinii,

132 2125 170 2170 ex
185 2124 247 2186 quo
263 2108 542 2170 commentatorem
566 2123 708 2186 magno
731 2104 872 2170 studio
894 2103 1132 2184 descripsimus
1151 2101 1219 2172 vidi
1233 2098 1313 2166 etc.''

132 2217 245 2296 ltaque
274 2233 345 2280 cum
374 2213 471 2295 paulo
502 2213 588 2279 inira
616 2234 675 2296 per
698 2215 828 2295 Oruquii
858 2213 957 2280 verba
978 2231 1080 2293 „uuus
1103 2209 1313 2278 Blandinius'’

132 2346 194 2391 non
225 2325 474 2407 intellegendum
504 2344 574 2392 esse
605 2325 864 2406 antiquissimum
896 2325 953 2390 sed
983 2343 1081 2389 unum
1113 2343 1151 2389 ex
1181 2323 1313 2404 reliquis

132 2437 383 2504 demonstraturi
413 2438 530 2518 simus,
561 2457 581 2502 a
603 2437 744 2519 cruquio
772 2435 894 2502 scholia
916 2436 1003 2503 illius
1025 2434 1190 2501 Blandinii
1212 2453 1251 2499 ea
1273 2434 1314 2498 de

136 2567 233 2616 causa
257 2568 374 2631 magno
397 2568 468 2616 cum
491 2550 600 2616 studio
622 2554 773 2629 excerpta
794 2567 866 2614 esse
888 2546 1053 2628 probabile
1074 2547 1216 2625 videtur,
1237 2544 1314 2626 quia

135 2660 296 2741 permulta
325 2659 517 2741 praebebat,
548 2680 629 2742 quae
661 2661 695 2726 iu
727 2660 801 2725 aliis
829 2679 893 2724 nou
924 2659 1103 2726 exstabant.
1156 2655 1313 2734 Quoniam

135 2771 235 2852 igitur
257 2770 416 2837 Matthias
438 2790 476 2836 ea
498 2771 630 2851 scholia,
652 2789 734 2852 quae
748 2770 893 2836 Nannius
916 2769 1120 2850 etOruquius
1142 2787 1180 2834 ex
1202 2768 1312 2832 eodem

133 2879 217 2946 libro
238 2882 433 2961 hauserunt,
463 2881 645 2964 aurrlgatis
668 2881 856 2963 saepissime
878 2880 1043 2948 discedere
1065 2884 1163 2961 atque
1184 2879 1312 2960 paucis-

134 2993 225 3059 simis
248 2999 375 3060 tantum
397 2998 528 3059 servata
550 3012 621 3059 esse
642 2994 784 3059 ostendit
806 2992 984 3072 codicibus,
1007 2997 1044 3058 ut
1066 2990 1312 3071 Barcellonensi,

133 3104 281 3171 Parisino
304 3104 396 3185 7975,
419 3110 528 3192 vetere
549 3104 770 3184 Ambrosiano,
791 3103 1059 3171 verisimillimum
1072 3105 1157 3170 esta
1172 3102 1311 3183 Oruquic

133 3222 167 3281 et
189 3216 314 3280 Nannio
337 3235 375 3281 ea
397 3221 526 3296 sumpta
548 3234 619 3281 esse
640 3234 679 3280 ex
701 3216 809 3281 codice
830 3215 885 3280 illo
907 3214 1087 3293 Blandinio,
1116 3214 1202 3278 unde
1231 3213 1311 3278 Oru-

132 3327 227 3407 quius
250 3346 285 3392 se
306 3328 532 3392 adnotationes
554 3344 670 3407 magno
692 3326 800 3390 studio
823 3325 1033 3406 descripsisse
1054 3323 1252 3407 profiteatur.
1268 3361 1310 3372 —-

218 3437 283 3504 Sed
305 3440 403 3504 etiam
425 3456 509 3503 nunc
530 3456 628 3501 unum
650 3442 709 3516 est,
732 3437 817 3519 quod
840 3433 1019 3502 sentcntiae
1033 3441 1163 3501 nostrae
1180 3435 1310 3502 obstare

130 3549 287 3614 videatur.
332 3549 414 3614 Nam
429 3550 560 3616 tametsi
575 3548 720 3614 Nannius
737 3549 783 3629 (p.
799 3548 855 3628 83)
878 3548 911 3612 in
928 3551 1035 3613 vetare
1057 3565 1115 3612 suo
1138 3546 1246 3612 codice
1267 3549 1310 3612 ad

128 3679 155 3724 c.
172 3659 232 3739 IV,
257 3659 347 3739 14,11
364 3678 423 3741 pro
438 3658 602 3740 ,Breunos'
619 3657 719 3725 fuisse
736 3659 816 3724 dicit
830 3658 981 3737 ,Bremos’
1001 3662 1034 3724 et
1049 3657 1094 3741 (p.
1111 3658 1167 3742 87)
1189 3659 1233 3724 ad
1248 3666 1309 3724 art.

126 3775 213 3850 poet.
231 3790 260 3836 u.
272 3771 342 3837 193.
361 3771 521 3850 ,auctoris’
535 3791 594 3853 pro
610 3768 757 3850 ,actoris’,
781 3753 1062 3852 Oraquiuspriorc
1077 3770 1145 3837 loco
1160 3770 1194 3835 in
1211 3769 1309 3836 Blan-

126 3880 226 3946 diniis
247 3898 282 3946 se
298 3881 415 3964 legisse
430 3880 592 3962 ,Breunos'
607 3880 785 3963 profitetur,
808 3880 910 3946 altero
925 3881 994 3946 loco
1010 3881 1043 3947 iu
1059 3881 1205 3947 omnibus
1221 3882 1308 3972 codi-

125 3991 218 4057 cibus
240 3993 308 4058 suis
324 3993 471 4072 ,actoris'.
509 3994 610 4071 Quam
627 3993 881 4059 testimoniorum
897 3994 1126 4059 dissensionem
1149 4005 1219 4057 cum
1237 3993 1307 4058 tolli

125 4103 361 4188 quodammodo
376 4123 470 4185 posse
486 4111 605 4186 putem,
620 4123 682 4169 non
698 4098 765 4169 tam
780 4123 909 4186 graecum
925 4122 995 4169 eam
1011 4104 1100 4184 duco,
1118 4122 1182 4185 qua
1195 4110 1307 4170 nostra

124 4215 292 4279 sententia
313 4234 447 4297 prorsus
469 4215 643 4282 refellatur.
687 4216 813 4280 Nannio
835 4217 929 4296 enirn,
952 4216 1016 4297 qui,
1039 4234 1109 4281 cum
1132 4217 1172 4282 de
1187 4217 1305 4282 codicis

124 4355 331 4368 ——n-———-

214 4439 265 4518 10)
287 4439 365 4501 Usus
389 4459 455 4498 sum
476 4439 739 4501 Miscellcnsorum
761 4439 893 4502 editions
915 4462 941 4502 a.
967 4442 1058 4499 1548.
