3118 5060
572 239 785 304 -17..

98 411 150 477 den
174 411 261 477 Wert
283 416 345 475 etc.
366 429 397 491 p.
421 407 529 488 6-7),
552 411 665 490 restat,
686 411 724 472 ut
746 425 784 471 ex
806 408 853 473 eis
876 409 965 490 ipsis,
987 427 1070 490 quae
1092 410 1133 474 de
1155 410 1269 476 codici·

97 521 148 585 bus
178 521 244 587 suis
275 520 428 601 tradidit,
459 523 610 601 quantam
633 518 729 585 fidem
753 525 931 600 mercatur,
963 520 1137 586 videamus.
1181 524 1271 601 Quae
1332 527 1335 535 '

97 651 160 698 cum
190 633 238 697 ita
270 634 351 712 siut,
384 633 465 697 duas
498 648 549 695 res
580 635 730 696 accurate
753 647 824 696 csse
846 630 1072 696 discernendas
1094 632 1271 699 rectissime

97 742 318 824 animadvertit
340 741 509 807 Mewesius
532 741 567 826 (l.
590 742 610 805 l.
633 760 663 823 p.
687 739 732 824 6).
776 740 918 807 Primum
941 743 1024 807 euim
1047 743 1270 824 inquirendum

96 859 149 935 est,
169 859 276 920 utrum
292 852 461 933 Gruquius,
482 857 520 918 ut
538 871 634 934 quam
649 851 822 934 verissime,
844 853 927 934 quud
951 853 983 918 in
1003 853 1165 918 codicibus
1188 861 1268 934 erat,

95 963 261 1046 proferret,
291 983 423 1046 operam
454 964 598 1044 dederit,
630 983 671 1028 an
702 964 830 1045 saepius
860 963 1020 1028 Blandinii
1051 964 1264 1045 antiquissimi

95 1074 277 1140 auctoritate
300 1079 466 1140 ostentata
488 1075 589 1156 ipsius
612 1074 866 1139 coniecturarum
898 1073 993 1138 fidem
1015 1091 1133 1156 augere
1156 1077 1269 1142 studu-

94 1186 160 1251 erit.
202 1186 345 1267 Deinde,
377 1204 453 1250 num
476 1203 557 1266 quae
580 1185 613 1249 in
644 1185 808 1268 codicibus
829 1185 896 1250 suis
919 1203 988 1252 esse
1013 1185 1190 1250 arbitratus
1219 1187 1273 1266 sit,

94 1314 199 1362 revera
222 1297 253 1360 iu
277 1297 323 1362 eis
345 1296 473 1362 fuerint
494 1378 497 1382 ¹
519 1296 585 1360 larn
608 1301 646 1359 ut
666 1296 868 1377 paucissimis
890 1313 1047 1361 summam
1078 1297 1273 1376 quaestionis

93 1391 370 1488 eomprehendam,
408 1408 627 1472 disserendum
658 1413 709 1472 est
738 1408 911 1488 separatim
943 1409 983 1472 de
1006 1407 1136 1489 Cruqnii
1165 1406 1181 1471 i
1186 1408 1272 1489 ide,

93 1519 260 1599 separatim
283 1505 324 1583 de
339 1518 587 1600 diligentia.
610 1553 652 1564 -
676 1520 782 1600 Atque
798 1519 880 1584 haue
895 1519 1024 1601 quidem
1041 1519 1271 1600 quaestionem,

93 1629 208 1709 quippe
232 1646 338 1709 quam,
361 1647 433 1695 cum
449 1629 555 1694 adhuc
570 1647 652 1694 unus
674 1648 713 1694 ex
736 1629 791 1708 eis,
814 1629 930 1712 quibus
945 1648 1022 1695 usus
1038 1635 1088 1694 est
1103 1628 1272 1710 Cruquius,

95 1739 255 1804 codicibus
277 1740 402 1820 integer
423 1745 542 1819 exstet,
570 1758 702 1821 prorsus
725 1739 882 1805 adfinem
905 1741 1081 1822 perducere
1103 1739 1272 1821 possimus,

93 1856 266 1916 tractemus
296 1843 444 1930 priorem.
488 1851 533 1914 At
563 1869 637 1915 veru
669 1857 705 1915 ut
734 1869 803 1916 eam
827 1857 977 1916 accurate
999 1851 1173 1915 dissolvere
1195 1869 1272 1930 que·

91 1978 187 2038 arnus,
214 1965 309 2025 antea
331 1977 435 2040 pauca
458 1961 499 2025 de
522 1961 601 2042 ipsis
624 1960 756 2042 Oruquii
779 1962 904 2027 dicendi
928 1962 1182 2043 proprietatibus
1205 1962 1272 2027 dis-

90 2089 231 2136 seramus
247 2087 377 2137 necesse
399 2077 459 2152 est,
482 2072 602 2153 quippe
624 2090 705 2154 quas
728 2073 789 2137 nisi
811 2079 896 2138 recte
911 2072 1177 2154 perspexerimus,
1201 2090 1273 2153 per-

90 2181 197 2246 multis
218 2183 296 2248 locis
318 2199 472 2263 quasnam
500 2200 576 2246 vere
591 2182 751 2262 Cruquius
774 2184 806 2248 iu
828 2183 936 2247 codice
951 2183 980 2247 V
995 2181 1093 2247 luisse
1120 2183 1273 2248 lectiones

90 2290 218 2371 dixerit,
240 2275 422 2358 discernere
443 2311 505 2357 non
527 2293 695 2374 possimus.

171 2401 253 2466 Nam
277 2419 349 2467 cum
373 2401 531 2483 Oruquius
561 2422 621 2470 non
650 2404 683 2469 id
707 2403 809 2469 solum
832 2403 982 2485 verbum,
1013 2405 1053 2469 de
1084 2423 1147 2486 quo
1177 2423 1272 2488 agere

88 2513 149 2580 sibi
171 2514 355 2596 proposuit,
378 2515 436 2580 sed
457 2514 644 2597 plerumque
667 2516 842 2598 compluria
865 2533 991 2594 eorum,
1019 2533 1194 2597 quaecum
1218 2517 1273 2582 illo

89 2625 193 2689 artius
215 2625 383 2691 coniuncta
405 2633 498 2708 sunt,
520 2627 570 2691 vel
594 2632 696 2691 totum
719 2621 981 2692 vesumafferre
1003 2626 1118 2705 soleat,
1147 2644 1273 2708 semper
1296 2655 1298 2658 ·

89 2735 122 2798 id
146 2741 272 2799 tantum
296 2738 505 2817 spectandum
529 2744 588 2816 est,
611 2739 650 2802 de
674 2755 735 2818 quo
757 2737 827 2817 ipso
850 2741 975 2817 agatur,
998 2755 1036 2800 nc
1058 2735 1153 2816 plura
1171 2737 1272 2801 tribu-

86 2852 184 2909 antur
214 2847 391 2929 codicibnS,
421 2866 517 2930 quam
546 2865 628 2928 quae
656 2848 688 2910 in
719 2848 765 2911 eis
796 2845 1035 2912 exhibebantur.
1094 2847 1197 2924 Quam
1230 2848 1272 2910 ad

87 2976 154 3022 rem
178 2956 400 3024 illustrandam
431 2960 494 3024 duo
523 2958 666 3041 proferre
694 2957 773 3023 mihi
796 2958 892 3022 liceat
920 2956 1065 3036 exempla
1090 2955 1273 3038 locupletis·

84 3067 176 3131 sima.
229 3068 310 3134 Nam
339 3071 379 3134 ad
410 3075 470 3135 sat.
493 3070 540 3148 11,
562 3069 636 3148 2‚u4
664 3068 823 3149 Oruquius
851 3069 930 3133 baec
957 3067 1141 3132 adnotavit:
1192 3068 1273 3145 „boc

83 3183 180 3260 carpet
201 3178 313 3258 lupas,
345 3180 404 3244 boc
428 3181 519 3246 eoois
541 3182 643 3244 maol.
667 3179 712 3245 sic
735 3178 853 3244 habent
874 3195 982 3243 omnes
1012 3178 1125 3258 scripti
1147 3178 1272 3244 codices

85 3293 220 3368 praeter
235 3289 344 3353 Divae.
365 3297 398 3353 et
412 3290 519 3369 Mart,
541 3290 573 3353 in
596 3289 711 3371 quibus
733 3289 884 3382 scribitur
905 3289 965 3352 boc
988 3289 1079 3352 comis
1101 3290 1209 3372 capit.

83 3399 204 3464 deiude
229 3400 342 3464 Bland.
366 3401 489 3467 codices
511 3401 631 3466 habent
653 3401 713 3465 buc
735 3404 850 3484 expuet
878 3399 1002 3481 lopas.“
1044 3399 1123 3462 Tum
1147 3399 1188 3463 ad
1211 3404 1271 3464 sat.

82 3509 127 3590 Il,
152 3509 248 3590 3,108
264 3511 419 3604 adnotata
433 3512 584 3593 leguntur
599 3513 691 3577 haec:
736 3511 836 3593 „qaid
851 3511 1014 3590 discrepat
1032 3509 1112 3574 istis.
1134 3507 1175 3572 ab
1190 3509 1270 3573 istis.

81 3637 196 3684 omnes
219 3621 330 3701 scripti
353 3623 477 3687 codices
492 3623 612 3689 habent
635 3625 690 3705 poi
712 3624 771 3686 dis.
792 3623 872 3686 istm.
894 3621 958 3684 duo
980 3622 1047 3683 cod.
1063 3617 1175 3682 Bland.
1198 3637 1270 3683 cum

82 3730 183 3793 Mart.
201 3730 320 3796 habent
334 3733 477 3797 151σέ-
515 3734 621 3810 Quare
632 3734 716 3797 iuter
730 3733 828 3798 verba
840 3732 882 3796 ad
893 3749 919 3796 c.
931 3729 987 3809 IV,
1002 3729 1074 3810 638
1090 3727 1136 3812 (p.
1147 3729 1220 3811 229,
1236 3731 1270 3812 a)

80 3838 114 3903 in
140 3839 337 3907 editionibus
359 3861 511 3909 annorum
536 3843 619 3910 1565
642 3850 675 3908 et
701 3843 780 3907 1578
804 3841 883 3906 nibil
913 3841 1065 3905 interesse
1096 3842 1270 3906 rectissime

78 3951 228 4017 ostendit
244 3951 519 4036 Zangemeistcrus
542 3954 578 4036 (l.
594 3955 618 4018 l.
631 3973 661 4036 p.
677 3954 766 4035 337),
788 3953 879 4018 cuius
900 3951 1053 4016 iudicium
1077 3951 1166 4032 sequi
1190 3951 1269 4016 nihil

78 4061 209 4126 dubito.
254 4065 373 4130 Verum
396 4072 503 4133 tamen
526 4065 676 4131 assentiri
705 4083 766 4131 uon
787 4081 917 4145 possum
939 4062 987 4127 illi
1015 4063 1084 4128 viro
1106 4062 1199 4126 docto
1222 4061 1270 4127 di·

77 4173 171 4237 centi
196 4181 304 4239 utrum
327 4177 472 4259 ,Agyieu'
494 4196 534 4241 an
557 4175 714 4260 ,Agylleu’
742 4176 775 4241 in
797 4173 948 4241 codiceV
971 4172 1081 4252 fuerit,
1104 4170 1185 4236 effici
1209 4191 1269 4237 nou

75 4301 188 4362 posse.
235 4284 316 4350 Nam
339 4307 378 4351 cx
401 4287 532 4369 Gruquii
560 4287 665 4352 verbis
688 4288 753 4368 (ed.
776 4305 803 4351 a.
828 4285 943 4368 1578);
976 4283 1071 4365 „olim
1095 4300 1166 4347 oum
1189 4283 1269 4349 viris

74 4395 281 4460 doctissimis
304 4416 361 4479 pro
382 4398 535 4482 Apelleae
563 4399 675 4478 scripsi
696 4397 840 4481 Apptcas
861 4402 973 4460 contra
995 4412 1180 4460 consensum
1203 4414 1269 4459 orn·

985 4543 990 4552 .
1045 4505 1063 4558 2
