<?xml version="1.0" encoding="UTF-8"?>
<!DOCTYPE html PUBLIC "-//W3C//DTD XHTML 1.0 Transitional//EN"
    "http://www.w3.org/TR/xhtml1/DTD/xhtml1-transitional.dtd">
<html xmlns="http://www.w3.org/1999/xhtml" xml:lang="en" lang="en">
 <head>
  <title>
</title>
<meta http-equiv="Content-Type" content="text/html;charset=utf-8" />
  <meta name='ocr-system' content='tesseract 3.04.00' />
  <meta name='ocr-capabilities' content='ocr_page ocr_carea ocr_par ocr_line ocrx_word'/>
</head>
<body>
  <div class='ocr_page' id='page_1' title='image "./decodiceblandin00hoehgoog_0018.png"; bbox 0 0 3118 5060; ppageno 0'>
   <div class='ocr_carea' id='block_1_1' title="bbox 605 263 818 326">
    <p class='ocr_par' dir='ltr' id='par_1_1' title="bbox 605 263 818 326">
     <span class='ocr_line' id='line_1_1' title="bbox 605 263 818 326; baseline 0 -18"><span class='ocrx_word' id='word_1_1' title='bbox 605 263 818 326; x_wconf 68' lang='lat'>..11-</span> 
     </span>
    </p>
   </div>
   <div class='ocr_carea' id='block_1_2' title="bbox 125 428 1300 1178">
    <p class='ocr_par' dir='ltr' id='par_1_2' title="bbox 125 428 1300 1178">
     <span class='ocr_line' id='line_1_2' title="bbox 128 428 1300 512; baseline -0.003 -17"><span class='ocrx_word' id='word_1_2' title='bbox 128 431 221 497; x_wconf 90' lang='lat' dir='ltr'>etiam</span> <span class='ocrx_word' id='word_1_3' title='bbox 252 431 387 496; x_wconf 88' lang='lat' dir='ltr'>alteram</span> <span class='ocrx_word' id='word_1_4' title='bbox 410 431 575 496; x_wconf 90' lang='lat' dir='ltr'>lectionem</span> <span class='ocrx_word' id='word_1_5' title='bbox 598 437 655 496; x_wconf 92' lang='lat' dir='ltr'>aut</span> <span class='ocrx_word' id='word_1_6' title='bbox 684 433 717 496; x_wconf 89' lang='lat' dir='ltr'>in</span> <span class='ocrx_word' id='word_1_7' title='bbox 740 431 871 512; x_wconf 89' lang='lat' dir='ltr'>reliquis</span> <span class='ocrx_word' id='word_1_8' title='bbox 893 430 1071 494; x_wconf 87' lang='lat' dir='ltr'>Blandiniia</span> <span class='ocrx_word' id='word_1_9' title='bbox 1092 434 1150 494; x_wconf 90' lang='lat' dir='ltr'>aut</span> <span class='ocrx_word' id='word_1_10' title='bbox 1171 429 1204 494; x_wconf 91' lang='lat' dir='ltr'>in</span> <span class='ocrx_word' id='word_1_11' title='bbox 1228 428 1300 494; x_wconf 89' lang='lat' dir='ltr'>aliis</span> 
     </span>
     <span class='ocr_line' id='line_1_3' title="bbox 128 541 1300 623; baseline -0.003 -17"><span class='ocrx_word' id='word_1_12' title='bbox 128 542 270 608; x_wconf 87' lang='lat' dir='ltr'>omnibus</span> <span class='ocrx_word' id='word_1_13' title='bbox 291 542 452 607; x_wconf 84' lang='lat' dir='ltr'>codicibus</span> <span class='ocrx_word' id='word_1_14' title='bbox 468 549 627 608; x_wconf 87' lang='lat' dir='ltr'>servatam</span> <span class='ocrx_word' id='word_1_15' title='bbox 645 542 858 622; x_wconf 83' lang='lat' dir='ltr'>adnotaverit,</span> <span class='ocrx_word' id='word_1_16' title='bbox 881 542 962 607; x_wconf 93' lang='lat' dir='ltr'>hanc</span> <span class='ocrx_word' id='word_1_17' title='bbox 983 560 1057 606; x_wconf 85' lang='lat' dir='ltr'>vere</span> <span class='ocrx_word' id='word_1_18' title='bbox 1079 559 1148 606; x_wconf 88' lang='lat' dir='ltr'>esse</span> <span class='ocrx_word' id='word_1_19' title='bbox 1162 541 1300 623; x_wconf 90' lang='lat' dir='ltr'>scriptu·</span> 
     </span>
     <span class='ocr_line' id='line_1_4' title="bbox 128 652 1299 733; baseline -0.003 -17"><span class='ocrx_word' id='word_1_20' title='bbox 128 671 190 716; x_wconf 87' lang='lat' dir='ltr'>ram</span> <span class='ocrx_word' id='word_1_21' title='bbox 213 654 332 718; x_wconf 92' lang='lat' dir='ltr'>codicis</span> <span class='ocrx_word' id='word_1_22' title='bbox 354 652 383 718; x_wconf 91' lang='lat' dir='ltr'>V</span> <span class='ocrx_word' id='word_1_23' title='bbox 405 653 592 733; x_wconf 91' lang='lat' dir='ltr'>concludat,</span> <span class='ocrx_word' id='word_1_24' title='bbox 624 655 728 719; x_wconf 88' lang='lat' dir='ltr'>nescio</span> <span class='ocrx_word' id='word_1_25' title='bbox 759 673 798 716; x_wconf 91' lang='lat' dir='ltr'>an</span> <span class='ocrx_word' id='word_1_26' title='bbox 827 669 1050 732; x_wconf 90' lang='lat' dir='ltr'>nonnunquam</span> <span class='ocrx_word' id='word_1_27' title='bbox 1077 669 1134 732; x_wconf 91' lang='lat' dir='ltr'>per</span> <span class='ocrx_word' id='word_1_28' title='bbox 1161 669 1299 714; x_wconf 88' lang='lat' dir='ltr'>errorem</span> 
     </span>
     <span class='ocr_line' id='line_1_5' title="bbox 126 758 1300 846; baseline -0.001 -19"><span class='ocrx_word' id='word_1_29' title='bbox 126 763 259 828; x_wconf 91' lang='lat' dir='ltr'>labatur.</span> <span class='ocrx_word' id='word_1_30' title='bbox 302 763 385 828; x_wconf 91' lang='lat' dir='ltr'>Nam</span> <span class='ocrx_word' id='word_1_31' title='bbox 408 764 434 828; x_wconf 91' lang='lat' dir='ltr'>si</span> <span class='ocrx_word' id='word_1_32' title='bbox 457 764 528 845; x_wconf 88' lang='lat' dir='ltr'>quis</span> <span class='ocrx_word' id='word_1_33' title='bbox 544 764 720 846; x_wconf 80' lang='lat' dir='ltr'>Gruquium</span> <span class='ocrx_word' id='word_1_34' title='bbox 742 764 903 830; x_wconf 88' lang='lat' dir='ltr'>interdurn</span> <span class='ocrx_word' id='word_1_35' title='bbox 926 761 1030 828; x_wconf 88' lang='lat' dir='ltr'>verbis</span> <span class='ocrx_word' id='word_1_36' title='bbox 1054 779 1154 839; x_wconf 90' lang='lat' dir='ltr'>„uuus</span> <span class='ocrx_word' id='word_1_37' title='bbox 1170 758 1300 826; x_wconf 85' lang='lat' dir='ltr'>Bland.&#39;’</span> 
     </span>
     <span class='ocr_line' id='line_1_6' title="bbox 126 871 1300 955; baseline -0.001 -18"><span class='ocrx_word' id='word_1_38' title='bbox 126 875 215 954; x_wconf 86' lang='lat' dir='ltr'>quasi</span> <span class='ocrx_word' id='word_1_39' title='bbox 237 875 414 955; x_wconf 85' lang='lat' dir='ltr'>compendii</span> <span class='ocrx_word' id='word_1_40' title='bbox 446 874 513 939; x_wconf 89' lang='lat' dir='ltr'>loco</span> <span class='ocrx_word' id='word_1_41' title='bbox 536 893 628 940; x_wconf 89' lang='lat' dir='ltr'>usum</span> <span class='ocrx_word' id='word_1_42' title='bbox 651 889 720 940; x_wconf 84' lang='lat' dir='ltr'>esse</span> <span class='ocrx_word' id='word_1_43' title='bbox 743 875 915 939; x_wconf 90' lang='lat' dir='ltr'>contendat</span> <span class='ocrx_word' id='word_1_44' title='bbox 937 891 995 955; x_wconf 92' lang='lat' dir='ltr'>pro</span> <span class='ocrx_word' id='word_1_45' title='bbox 1017 871 1225 951; x_wconf 86' lang='lat' dir='ltr'>„Blandinius</span> <span class='ocrx_word' id='word_1_46' title='bbox 1246 891 1300 937; x_wconf 84' lang='lat' dir='ltr'>ve·</span> 
     </span>
     <span class='ocr_line' id='line_1_7' title="bbox 126 982 1299 1066; baseline -0.002 -18"><span class='ocrx_word' id='word_1_47' title='bbox 126 985 317 1050; x_wconf 89' lang='lat' dir='ltr'>tustissimus</span> <span class='ocrx_word' id='word_1_48' title='bbox 340 983 444 1050; x_wconf 89' lang='lat' dir='ltr'>solus&#39;’</span> <span class='ocrx_word' id='word_1_49' title='bbox 475 984 609 1050; x_wconf 88' lang='lat' dir='ltr'>refutari</span> <span class='ocrx_word' id='word_1_50' title='bbox 630 984 713 1050; x_wconf 82' lang='lat' dir='ltr'>forte</span> <span class='ocrx_word' id='word_1_51' title='bbox 736 989 882 1066; x_wconf 77' lang='lat' dir='ltr'>nequeat.</span> <span class='ocrx_word' id='word_1_52' title='bbox 927 984 1040 1064; x_wconf 91' lang='lat' dir='ltr'>Itaque</span> <span class='ocrx_word' id='word_1_53' title='bbox 1062 1000 1169 1046; x_wconf 88' lang='lat' dir='ltr'>omnes</span> <span class='ocrx_word' id='word_1_54' title='bbox 1191 982 1299 1046; x_wconf 88' lang='lat' dir='ltr'>buius-</span> 
     </span>
     <span class='ocr_line' id='line_1_8' title="bbox 125 1093 1222 1178; baseline -0.005 -17"><span class='ocrx_word' id='word_1_55' title='bbox 125 1095 206 1161; x_wconf 88' lang='lat' dir='ltr'>modi</span> <span class='ocrx_word' id='word_1_56' title='bbox 229 1095 289 1160; x_wconf 88' lang='lat' dir='ltr'>loci</span> <span class='ocrx_word' id='word_1_57' title='bbox 311 1103 385 1161; x_wconf 91' lang='lat' dir='ltr'>sunt</span> <span class='ocrx_word' id='word_1_58' title='bbox 407 1097 579 1162; x_wconf 86' lang='lat' dir='ltr'>admodum</span> <span class='ocrx_word' id='word_1_59' title='bbox 602 1095 727 1161; x_wconf 86' lang='lat' dir='ltr'>obscuri</span> <span class='ocrx_word' id='word_1_60' title='bbox 749 1113 786 1160; x_wconf 92' lang='lat' dir='ltr'>ac</span> <span class='ocrx_word' id='word_1_61' title='bbox 808 1113 938 1178; x_wconf 87' lang='lat' dir='ltr'>prorsus</span> <span class='ocrx_word' id='word_1_62' title='bbox 961 1093 1157 1174; x_wconf 78' lang='lat' dir='ltr'>neglegendi.</span> <span class='ocrx_word' id='word_1_63' title='bbox 1180 1127 1222 1138; x_wconf 89' lang='lat'><em>-</em></span> 
     </span>
    </p>
   </div>
   <div class='ocr_carea' id='block_1_3' title="bbox 676 1294 745 1372">
    <p class='ocr_par' dir='ltr' id='par_1_3' title="bbox 676 1294 745 1372">
     <span class='ocr_line' id='line_1_9' title="bbox 676 1294 745 1372; baseline 0 -14"><span class='ocrx_word' id='word_1_64' title='bbox 676 1294 745 1372; x_wconf 71' lang='lat' dir='ltr'>§b</span> 
     </span>
    </p>
   </div>
   <div class='ocr_carea' id='block_1_4' title="bbox 71 1426 1299 2836">
    <p class='ocr_par' dir='ltr' id='par_1_4' title="bbox 71 1426 1299 2836">
     <span class='ocr_line' id='line_1_10' title="bbox 208 1426 1299 1508; baseline -0.003 -16"><span class='ocrx_word' id='word_1_65' title='bbox 208 1429 287 1492; x_wconf 91' lang='lat' dir='ltr'>Inde</span> <span class='ocrx_word' id='word_1_66' title='bbox 310 1428 484 1494; x_wconf 87' lang='lat' dir='ltr'>acarmine</span> <span class='ocrx_word' id='word_1_67' title='bbox 500 1428 621 1494; x_wconf 86' lang='lat' dir='ltr'>decimo</span> <span class='ocrx_word' id='word_1_68' title='bbox 644 1429 740 1494; x_wconf 90' lang='lat' dir='ltr'>tertio</span> <span class='ocrx_word' id='word_1_69' title='bbox 761 1427 837 1494; x_wconf 89' lang='lat' dir='ltr'>libri</span> <span class='ocrx_word' id='word_1_70' title='bbox 859 1429 989 1494; x_wconf 72' lang='lat' dir='ltr'>emundi</span> <span class='ocrx_word' id='word_1_71' title='bbox 1011 1428 1173 1508; x_wconf 87' lang='lat' dir='ltr'>usquead</span> <span class='ocrx_word' id='word_1_72' title='bbox 1192 1426 1299 1506; x_wconf 88' lang='lat' dir='ltr'>quarti</span> 
     </span>
     <span class='ocr_line' id='line_1_11' title="bbox 124 1536 1298 1621; baseline -0.002 -19"><span class='ocrx_word' id='word_1_73' title='bbox 124 1539 195 1606; x_wconf 93' lang='lat' dir='ltr'>libri</span> <span class='ocrx_word' id='word_1_74' title='bbox 224 1538 318 1605; x_wconf 90' lang='lat' dir='ltr'>finem</span> <span class='ocrx_word' id='word_1_75' title='bbox 349 1539 531 1621; x_wconf 84' lang='lat' dir='ltr'>aGruquio</span> <span class='ocrx_word' id='word_1_76' title='bbox 562 1559 688 1620; x_wconf 91' lang='lat' dir='ltr'>semper</span> <span class='ocrx_word' id='word_1_77' title='bbox 718 1544 808 1604; x_wconf 89' lang='lat' dir='ltr'>tres</span> <span class='ocrx_word' id='word_1_78' title='bbox 841 1544 967 1604; x_wconf 90' lang='lat' dir='ltr'>tanturn</span> <span class='ocrx_word' id='word_1_79' title='bbox 989 1539 1114 1604; x_wconf 89' lang='lat' dir='ltr'>codices</span> <span class='ocrx_word' id='word_1_80' title='bbox 1136 1536 1298 1602; x_wconf 89' lang='lat' dir='ltr'>Blandinii</span> 
     </span>
     <span class='ocr_line' id='line_1_12' title="bbox 124 1648 1298 1730; baseline -0.002 -16"><span class='ocrx_word' id='word_1_81' title='bbox 124 1658 418 1716; x_wconf 87' lang='lat' dir='ltr'>commemorantur.</span> <span class='ocrx_word' id='word_1_82' title='bbox 463 1650 553 1726; x_wconf 83' lang='lat' dir='ltr'>Quae</span> <span class='ocrx_word' id='word_1_83' title='bbox 582 1669 635 1716; x_wconf 92' lang='lat' dir='ltr'>res</span> <span class='ocrx_word' id='word_1_84' title='bbox 664 1667 735 1716; x_wconf 91' lang='lat' dir='ltr'>cum</span> <span class='ocrx_word' id='word_1_85' title='bbox 766 1669 822 1730; x_wconf 91' lang='lat' dir='ltr'>per</span> <span class='ocrx_word' id='word_1_86' title='bbox 851 1667 886 1716; x_wconf 88' lang='lat' dir='ltr'>se</span> <span class='ocrx_word' id='word_1_87' title='bbox 914 1651 979 1715; x_wconf 87' lang='lat' dir='ltr'>iarn</span> <span class='ocrx_word' id='word_1_88' title='bbox 1010 1649 1095 1714; x_wconf 82' lang='lat' dir='ltr'>viros</span> <span class='ocrx_word' id='word_1_89' title='bbox 1122 1648 1233 1713; x_wconf 88' lang='lat' dir='ltr'>doctos</span> <span class='ocrx_word' id='word_1_90' title='bbox 1255 1649 1298 1712; x_wconf 89' lang='lat' dir='ltr'>ad</span> 
     </span>
     <span class='ocr_line' id='line_1_13' title="bbox 123 1758 1298 1841; baseline 0 -17"><span class='ocrx_word' id='word_1_91' title='bbox 123 1760 300 1841; x_wconf 91' lang='lat' dir='ltr'>opinionem</span> <span class='ocrx_word' id='word_1_92' title='bbox 322 1762 483 1826; x_wconf 82' lang='lat' dir='ltr'>adducere</span> <span class='ocrx_word' id='word_1_93' title='bbox 504 1761 605 1841; x_wconf 82' lang='lat' dir='ltr'>possit</span> <span class='ocrx_word' id='word_1_94' title='bbox 632 1763 664 1825; x_wconf 91' lang='lat' dir='ltr'>in</span> <span class='ocrx_word' id='word_1_95' title='bbox 688 1780 750 1825; x_wconf 94' lang='lat' dir='ltr'>uno</span> <span class='ocrx_word' id='word_1_96' title='bbox 773 1781 811 1826; x_wconf 89' lang='lat' dir='ltr'>ex</span> <span class='ocrx_word' id='word_1_97' title='bbox 833 1760 1010 1826; x_wconf 86' lang='lat' dir='ltr'>Blandiuiis</span> <span class='ocrx_word' id='word_1_98' title='bbox 1032 1760 1178 1825; x_wconf 89' lang='lat' dir='ltr'>lacunam</span> <span class='ocrx_word' id='word_1_99' title='bbox 1200 1758 1298 1824; x_wconf 89' lang='lat' dir='ltr'>luisse</span> 
     </span>
     <span class='ocr_line' id='line_1_14' title="bbox 124 1870 1297 1956; baseline -0.001 -20"><span class='ocrx_word' id='word_1_100' title='bbox 124 1871 194 1952; x_wconf 89' lang='lat' dir='ltr'>(nec</span> <span class='ocrx_word' id='word_1_101' title='bbox 223 1878 330 1936; x_wconf 90' lang='lat' dir='ltr'>tameu</span> <span class='ocrx_word' id='word_1_102' title='bbox 361 1873 392 1936; x_wconf 91' lang='lat' dir='ltr'>in</span> <span class='ocrx_word' id='word_1_103' title='bbox 417 1873 657 1956; x_wconf 90' lang='lat' dir='ltr'>antiquissimo,</span> <span class='ocrx_word' id='word_1_104' title='bbox 690 1873 780 1938; x_wconf 87' lang='lat' dir='ltr'>cuius</span> <span class='ocrx_word' id='word_1_105' title='bbox 808 1872 989 1955; x_wconf 88' lang='lat' dir='ltr'>scripturae</span> <span class='ocrx_word' id='word_1_106' title='bbox 1019 1871 1148 1952; x_wconf 89' lang='lat' dir='ltr'>saepius</span> <span class='ocrx_word' id='word_1_107' title='bbox 1180 1870 1297 1935; x_wconf 90' lang='lat' dir='ltr'>inillis</span> 
     </span>
     <span class='ocr_line' id='line_1_15' title="bbox 124 1981 1297 2066; baseline -0.001 -20"><span class='ocrx_word' id='word_1_108' title='bbox 124 1981 212 2046; x_wconf 90' lang='lat' dir='ltr'>libris</span> <span class='ocrx_word' id='word_1_109' title='bbox 233 1983 485 2066; x_wconf 79' lang='lat' dir='ltr'>proponuntur),</span> <span class='ocrx_word' id='word_1_110' title='bbox 518 1984 685 2050; x_wconf 78' lang='lat' dir='ltr'>Menenius</span> <span class='ocrx_word' id='word_1_111' title='bbox 714 1983 796 2048; x_wconf 92' lang='lat' dir='ltr'>banc</span> <span class='ocrx_word' id='word_1_112' title='bbox 819 1983 1011 2048; x_wconf 90' lang='lat' dir='ltr'>senteutiam</span> <span class='ocrx_word' id='word_1_113' title='bbox 1035 1983 1132 2047; x_wconf 91' lang='lat' dir='ltr'>etiam</span> <span class='ocrx_word' id='word_1_114' title='bbox 1155 1981 1226 2046; x_wconf 90' lang='lat' dir='ltr'>aliis</span> <span class='ocrx_word' id='word_1_115' title='bbox 1248 1999 1297 2045; x_wconf 90' lang='lat' dir='ltr'>ar·</span> 
     </span>
     <span class='ocr_line' id='line_1_16' title="bbox 120 2077 1297 2174; baseline 0 -18"><span class='ocrx_word' id='word_1_116' title='bbox 120 2093 281 2174; x_wconf 81' lang='lat' dir='ltr'>gementis</span> <span class='ocrx_word' id='word_1_117' title='bbox 310 2112 370 2160; x_wconf 91' lang='lat' dir='ltr'>non</span> <span class='ocrx_word' id='word_1_118' title='bbox 402 2095 640 2159; x_wconf 85' lang='lat' dir='ltr'>contemnendis</span> <span class='ocrx_word' id='word_1_119' title='bbox 663 2077 775 2159; x_wconf 80' lang='lat' dir='ltr'>fulcire</span> <span class='ocrx_word' id='word_1_120' title='bbox 798 2093 933 2159; x_wconf 89' lang='lat' dir='ltr'>studuit.</span> <span class='ocrx_word' id='word_1_121' title='bbox 978 2093 1136 2174; x_wconf 86' lang='lat' dir='ltr'>Oruquius</span> <span class='ocrx_word' id='word_1_122' title='bbox 1159 2091 1241 2156; x_wconf 91' lang='lat' dir='ltr'>enim</span> <span class='ocrx_word' id='word_1_123' title='bbox 1265 2091 1297 2156; x_wconf 92' lang='lat' dir='ltr'>in</span> 
     </span>
     <span class='ocr_line' id='line_1_17' title="bbox 122 2202 1298 2284; baseline -0.001 -18"><span class='ocrx_word' id='word_1_124' title='bbox 122 2202 322 2282; x_wconf 84' lang='lat' dir='ltr'>praefatione</span> <span class='ocrx_word' id='word_1_125' title='bbox 338 2203 488 2270; x_wconf 87' lang='lat' dir='ltr'>editionis</span> <span class='ocrx_word' id='word_1_126' title='bbox 503 2210 654 2284; x_wconf 89' lang='lat' dir='ltr'>quartum</span> <span class='ocrx_word' id='word_1_127' title='bbox 671 2204 844 2269; x_wconf 87' lang='lat' dir='ltr'>carminum</span> <span class='ocrx_word' id='word_1_128' title='bbox 860 2204 976 2269; x_wconf 91' lang='lat' dir='ltr'>librum</span> <span class='ocrx_word' id='word_1_129' title='bbox 993 2203 1194 2282; x_wconf 88' lang='lat' dir='ltr'>continentis,</span> <span class='ocrx_word' id='word_1_130' title='bbox 1216 2220 1298 2282; x_wconf 87' lang='lat' dir='ltr'>quae</span> 
     </span>
     <span class='ocr_line' id='line_1_18' title="bbox 124 2311 1298 2396; baseline 0.002 -20"><span class='ocrx_word' id='word_1_131' title='bbox 124 2329 204 2378; x_wconf 89' lang='lat' dir='ltr'>anno</span> <span class='ocrx_word' id='word_1_132' title='bbox 229 2311 312 2378; x_wconf 80' lang='lat'>1565</span> <span class='ocrx_word' id='word_1_133' title='bbox 344 2314 376 2379; x_wconf 93' lang='lat' dir='ltr'>in</span> <span class='ocrx_word' id='word_1_134' title='bbox 408 2315 510 2380; x_wconf 91' lang='lat' dir='ltr'>lucem</span> <span class='ocrx_word' id='word_1_135' title='bbox 532 2316 693 2396; x_wconf 85' lang='lat' dir='ltr'>prodibat,</span> <span class='ocrx_word' id='word_1_136' title='bbox 716 2335 787 2380; x_wconf 90' lang='lat' dir='ltr'>cum</span> <span class='ocrx_word' id='word_1_137' title='bbox 811 2333 849 2380; x_wconf 88' lang='lat' dir='ltr'>ex</span> <span class='ocrx_word' id='word_1_138' title='bbox 871 2313 1065 2380; x_wconf 88' lang='lat' dir='ltr'>bibliotheca</span> <span class='ocrx_word' id='word_1_139' title='bbox 1087 2313 1298 2378; x_wconf 90' lang='lat' dir='ltr'>Blandiniana</span> 
     </span>
     <span class='ocr_line' id='line_1_19' title="bbox 71 2407 1298 2506; baseline 0 -18"><span class='ocrx_word' id='word_1_140' title='bbox 71 2407 73 2414; x_wconf 44' lang='lat'><strong><em>⁴</em></strong></span> <span class='ocrx_word' id='word_1_141' title='bbox 123 2429 275 2504; x_wconf 90' lang='lat' dir='ltr'>quattuor</span> <span class='ocrx_word' id='word_1_142' title='bbox 297 2431 441 2492; x_wconf 87' lang='lat' dir='ltr'>vetustos</span> <span class='ocrx_word' id='word_1_143' title='bbox 456 2426 582 2494; x_wconf 90' lang='lat' dir='ltr'>codices</span> <span class='ocrx_word' id='word_1_144' title='bbox 603 2445 637 2492; x_wconf 89' lang='lat' dir='ltr'>se</span> <span class='ocrx_word' id='word_1_145' title='bbox 659 2431 863 2494; x_wconf 86' lang='lat' dir='ltr'>consecutum</span> <span class='ocrx_word' id='word_1_146' title='bbox 886 2443 957 2491; x_wconf 89' lang='lat' dir='ltr'>esse</span> <span class='ocrx_word' id='word_1_147' title='bbox 979 2425 1105 2503; x_wconf 84' lang='lat' dir='ltr'>dixerit,</span> <span class='ocrx_word' id='word_1_148' title='bbox 1127 2426 1159 2489; x_wconf 92' lang='lat' dir='ltr'>in</span> <span class='ocrx_word' id='word_1_149' title='bbox 1182 2423 1298 2506; x_wconf 87' lang='lat' dir='ltr'>quibua</span> 
     </span>
     <span class='ocr_line' id='line_1_20' title="bbox 122 2535 1297 2618; baseline 0.002 -20"><span class='ocrx_word' id='word_1_150' title='bbox 122 2535 267 2601; x_wconf 89' lang='lat' dir='ltr'>omnibus</span> <span class='ocrx_word' id='word_1_151' title='bbox 291 2537 515 2604; x_wconf 88' lang='lat' dir='ltr'>adnotationes</span> <span class='ocrx_word' id='word_1_152' title='bbox 537 2537 673 2618; x_wconf 82' lang='lat' dir='ltr'>margini</span> <span class='ocrx_word' id='word_1_153' title='bbox 696 2537 879 2618; x_wconf 84' lang='lat' dir='ltr'>adscriptae</span> <span class='ocrx_word' id='word_1_154' title='bbox 906 2535 1041 2617; x_wconf 85' lang='lat' dir='ltr'>fuerint,</span> <span class='ocrx_word' id='word_1_155' title='bbox 1070 2542 1178 2602; x_wconf 90' lang='lat' dir='ltr'>tamen</span> <span class='ocrx_word' id='word_1_156' title='bbox 1199 2536 1297 2600; x_wconf 91' lang='lat' dir='ltr'>trium</span> 
     </span>
     <span class='ocr_line' id='line_1_21' title="bbox 121 2645 1298 2728; baseline 0.002 -18"><span class='ocrx_word' id='word_1_157' title='bbox 121 2645 248 2711; x_wconf 82' lang='lat' dir='ltr'>tantum</span> <span class='ocrx_word' id='word_1_158' title='bbox 271 2647 414 2712; x_wconf 90' lang='lat' dir='ltr'>codicum</span> <span class='ocrx_word' id='word_1_159' title='bbox 437 2648 558 2714; x_wconf 90' lang='lat' dir='ltr'>scholia</span> <span class='ocrx_word' id='word_1_160' title='bbox 579 2650 611 2713; x_wconf 93' lang='lat' dir='ltr'>in</span> <span class='ocrx_word' id='word_1_161' title='bbox 635 2649 807 2714; x_wconf 90' lang='lat' dir='ltr'>editionem</span> <span class='ocrx_word' id='word_1_162' title='bbox 830 2667 920 2714; x_wconf 88' lang='lat' dir='ltr'>suam</span> <span class='ocrx_word' id='word_1_163' title='bbox 943 2667 978 2714; x_wconf 91' lang='lat' dir='ltr'>se</span> <span class='ocrx_word' id='word_1_164' title='bbox 999 2649 1141 2728; x_wconf 86' lang='lat' dir='ltr'>recipere</span> <span class='ocrx_word' id='word_1_165' title='bbox 1155 2647 1298 2728; x_wconf 90' lang='lat' dir='ltr'>potuisse</span> 
     </span>
     <span class='ocr_line' id='line_1_22' title="bbox 122 2755 1296 2836; baseline 0.004 -18"><span class='ocrx_word' id='word_1_166' title='bbox 122 2762 234 2834; x_wconf 90' lang='lat' dir='ltr'>aperte</span> <span class='ocrx_word' id='word_1_167' title='bbox 256 2755 434 2836; x_wconf 89' lang='lat' dir='ltr'>profitetur.</span> <span class='ocrx_word' id='word_1_168' title='bbox 478 2757 601 2833; x_wconf 81' lang='lat' dir='ltr'>Quibus</span> <span class='ocrx_word' id='word_1_169' title='bbox 625 2775 663 2822; x_wconf 82' lang='lat' dir='ltr'>ex</span> <span class='ocrx_word' id='word_1_170' title='bbox 685 2759 793 2824; x_wconf 84' lang='lat' dir='ltr'>verbis</span> <span class='ocrx_word' id='word_1_171' title='bbox 814 2776 911 2823; x_wconf 92' lang='lat' dir='ltr'>uuum</span> <span class='ocrx_word' id='word_1_172' title='bbox 933 2778 972 2824; x_wconf 84' lang='lat' dir='ltr'>ex</span> <span class='ocrx_word' id='word_1_173' title='bbox 994 2757 1059 2824; x_wconf 90' lang='lat' dir='ltr'>illis</span> <span class='ocrx_word' id='word_1_174' title='bbox 1080 2757 1243 2823; x_wconf 87' lang='lat' dir='ltr'>codicibus</span> <span class='ocrx_word' id='word_1_175' title='bbox 1264 2758 1296 2823; x_wconf 90' lang='lat' dir='ltr'>iu</span> 
     </span>
    </p>
   </div>
   <div class='ocr_carea' id='block_1_5' title="bbox 120 2859 1418 3172">
    <p class='ocr_par' dir='ltr' id='par_1_5' title="bbox 120 2859 1418 3172">
     <span class='ocr_line' id='line_1_23' title="bbox 121 2859 1381 2936; baseline 0.003 -8"><span class='ocrx_word' id='word_1_176' title='bbox 121 2865 182 2932; x_wconf 87' lang='lat' dir='ltr'>hoa</span> <span class='ocrx_word' id='word_1_177' title='bbox 204 2859 379 2932; x_wconf 86' lang='lat' dir='ltr'>carminum</span> <span class='ocrx_word' id='word_1_178' title='bbox 410 2868 491 2934; x_wconf 90' lang='lat' dir='ltr'>libro</span> <span class='ocrx_word' id='word_1_179' title='bbox 524 2867 680 2936; x_wconf 86' lang='lat' dir='ltr'>deiecisse</span> <span class='ocrx_word' id='word_1_180' title='bbox 703 2869 790 2935; x_wconf 93' lang='lat' dir='ltr'>haud</span> <span class='ocrx_word' id='word_1_181' title='bbox 812 2874 932 2934; x_wconf 88' lang='lat' dir='ltr'>temere</span> <span class='ocrx_word' id='word_1_182' title='bbox 954 2868 1203 2934; x_wconf 87' lang='lat' dir='ltr'>concludendum</span> <span class='ocrx_word' id='word_1_183' title='bbox 1227 2869 1297 2933; x_wconf 91' lang='lat' dir='ltr'>erit.</span> <span class='ocrx_word' id='word_1_184' title='bbox 1379 2881 1381 2887; x_wconf 67' lang='grc'><strong>“</strong></span> 
     </span>
     <span class='ocr_line' id='line_1_24' title="bbox 121 2977 1418 3061; baseline 0.002 -20"><span class='ocrx_word' id='word_1_185' title='bbox 121 2977 167 3042; x_wconf 84' lang='lat' dir='ltr'>At</span> <span class='ocrx_word' id='word_1_186' title='bbox 195 2997 271 3043; x_wconf 91' lang='lat' dir='ltr'>vero</span> <span class='ocrx_word' id='word_1_187' title='bbox 302 2978 346 3044; x_wconf 94' lang='lat' dir='ltr'>nil</span> <span class='ocrx_word' id='word_1_188' title='bbox 368 2979 439 3044; x_wconf 90' lang='lat' dir='ltr'>dico</span> <span class='ocrx_word' id='word_1_189' title='bbox 463 2980 523 3045; x_wconf 88' lang='lat' dir='ltr'>nisi</span> <span class='ocrx_word' id='word_1_190' title='bbox 553 2981 585 3046; x_wconf 93' lang='lat' dir='ltr'>in</span> <span class='ocrx_word' id='word_1_191' title='bbox 608 2986 760 3061; x_wconf 89' lang='lat' dir='ltr'>quarto</span> <span class='ocrx_word' id='word_1_192' title='bbox 791 2980 965 3047; x_wconf 88' lang='lat' dir='ltr'>carminum</span> <span class='ocrx_word' id='word_1_193' title='bbox 987 2979 1069 3044; x_wconf 91' lang='lat' dir='ltr'>libro</span> <span class='ocrx_word' id='word_1_194' title='bbox 1091 2977 1189 3045; x_wconf 87' lang='lat' dir='ltr'>luisse</span> <span class='ocrx_word' id='word_1_195' title='bbox 1210 2978 1297 3046; x_wconf 91' lang='lat' dir='ltr'>lacu·</span> <span class='ocrx_word' id='word_1_196' title='bbox 1415 3023 1418 3030; x_wconf 68' lang='lat'>,</span> 
     </span>
     <span class='ocr_line' id='line_1_25' title="bbox 120 3089 1397 3172; baseline 0.002 -20"><span class='ocrx_word' id='word_1_197' title='bbox 120 3107 204 3154; x_wconf 90' lang='lat' dir='ltr'>uam.</span> <span class='ocrx_word' id='word_1_198' title='bbox 249 3089 345 3155; x_wconf 80' lang='lat' dir='ltr'>Certe</span> <span class='ocrx_word' id='word_1_199' title='bbox 367 3091 451 3155; x_wconf 89' lang='lat' dir='ltr'>enim</span> <span class='ocrx_word' id='word_1_200' title='bbox 474 3092 641 3158; x_wconf 84' lang='lat' dir='ltr'>Mewesius</span> <span class='ocrx_word' id='word_1_201' title='bbox 664 3110 734 3158; x_wconf 90' lang='lat' dir='ltr'>curn</span> <span class='ocrx_word' id='word_1_202' title='bbox 757 3093 904 3158; x_wconf 89' lang='lat' dir='ltr'>lacunam</span> <span class='ocrx_word' id='word_1_203' title='bbox 926 3091 1000 3156; x_wconf 92' lang='lat' dir='ltr'>inde</span> <span class='ocrx_word' id='word_1_204' title='bbox 1023 3110 1043 3156; x_wconf 87' lang='lat' dir='ltr'>a</span> <span class='ocrx_word' id='word_1_205' title='bbox 1065 3108 1090 3156; x_wconf 86' lang='lat' dir='ltr'>a.</span> <span class='ocrx_word' id='word_1_206' title='bbox 1112 3091 1155 3172; x_wconf 86' lang='lat' dir='ltr'>Il,</span> <span class='ocrx_word' id='word_1_207' title='bbox 1180 3090 1219 3154; x_wconf 88' lang='lat'>13</span> <span class='ocrx_word' id='word_1_208' title='bbox 1244 3109 1296 3154; x_wconf 89' lang='lat' dir='ltr'>ex·</span> <span class='ocrx_word' id='word_1_209' title='bbox 1396 3141 1397 3144; x_wconf 63' lang='lat'>,</span> 
     </span>
    </p>
   </div>
   <div class='ocr_carea' id='block_1_6' title="bbox 113 3199 1298 4506">
    <p class='ocr_par' dir='ltr' id='par_1_6' title="bbox 113 3199 1298 4506">
     <span class='ocr_line' id='line_1_26' title="bbox 120 3199 1296 3283; baseline 0.003 -20"><span class='ocrx_word' id='word_1_210' title='bbox 120 3199 244 3266; x_wconf 86' lang='lat' dir='ltr'>stitisse</span> <span class='ocrx_word' id='word_1_211' title='bbox 266 3205 441 3279; x_wconf 87' lang='lat' dir='ltr'>statueret,</span> <span class='ocrx_word' id='word_1_212' title='bbox 470 3203 564 3282; x_wconf 91' lang='lat' dir='ltr'>plura</span> <span class='ocrx_word' id='word_1_213' title='bbox 587 3204 767 3283; x_wconf 88' lang='lat' dir='ltr'>contendit,</span> <span class='ocrx_word' id='word_1_214' title='bbox 799 3222 895 3283; x_wconf 89' lang='lat' dir='ltr'>quam</span> <span class='ocrx_word' id='word_1_215' title='bbox 918 3220 1000 3283; x_wconf 91' lang='lat' dir='ltr'>quae</span> <span class='ocrx_word' id='word_1_216' title='bbox 1021 3201 1157 3283; x_wconf 90' lang='lat' dir='ltr'>probare</span> <span class='ocrx_word' id='word_1_217' title='bbox 1179 3206 1296 3281; x_wconf 87' lang='lat' dir='ltr'>potest,</span> 
     </span>
     <span class='ocr_line' id='line_1_27' title="bbox 120 3310 1296 3394; baseline 0.002 -20"><span class='ocrx_word' id='word_1_218' title='bbox 120 3310 154 3374; x_wconf 92' lang='lat' dir='ltr'>id</span> <span class='ocrx_word' id='word_1_219' title='bbox 179 3311 263 3392; x_wconf 87' lang='lat' dir='ltr'>quod</span> <span class='ocrx_word' id='word_1_220' title='bbox 287 3311 397 3376; x_wconf 89' lang='lat' dir='ltr'>statim</span> <span class='ocrx_word' id='word_1_221' title='bbox 420 3310 515 3392; x_wconf 89' lang='lat' dir='ltr'>plane</span> <span class='ocrx_word' id='word_1_222' title='bbox 536 3312 775 3394; x_wconf 83' lang='lat' dir='ltr'>perspiciemus,</span> <span class='ocrx_word' id='word_1_223' title='bbox 798 3315 826 3376; x_wconf 86' lang='lat' dir='ltr'>si</span> <span class='ocrx_word' id='word_1_224' title='bbox 847 3329 956 3378; x_wconf 87' lang='lat' dir='ltr'>omues</span> <span class='ocrx_word' id='word_1_225' title='bbox 978 3331 998 3378; x_wconf 92' lang='lat' dir='ltr'>a</span> <span class='ocrx_word' id='word_1_226' title='bbox 1020 3331 1046 3376; x_wconf 95' lang='lat' dir='ltr'>c.</span> <span class='ocrx_word' id='word_1_227' title='bbox 1069 3313 1111 3389; x_wconf 91' lang='lat' dir='ltr'>ll,</span> <span class='ocrx_word' id='word_1_228' title='bbox 1136 3312 1296 3393; x_wconf 77' lang='lat' dir='ltr'>lausque</span> 
     </span>
     <span class='ocr_line' id='line_1_28' title="bbox 118 3420 1298 3505; baseline 0 -19"><span class='ocrx_word' id='word_1_229' title='bbox 118 3421 161 3486; x_wconf 88' lang='lat' dir='ltr'>ad</span> <span class='ocrx_word' id='word_1_230' title='bbox 185 3423 362 3486; x_wconf 86' lang='lat' dir='ltr'>carminum</span> <span class='ocrx_word' id='word_1_231' title='bbox 383 3420 478 3488; x_wconf 89' lang='lat' dir='ltr'>finem</span> <span class='ocrx_word' id='word_1_232' title='bbox 501 3422 602 3504; x_wconf 88' lang='lat' dir='ltr'>locos,</span> <span class='ocrx_word' id='word_1_233' title='bbox 632 3423 747 3505; x_wconf 88' lang='lat' dir='ltr'>quibus</span> <span class='ocrx_word' id='word_1_234' title='bbox 769 3424 921 3489; x_wconf 88' lang='lat' dir='ltr'>lectiones</span> <span class='ocrx_word' id='word_1_235' title='bbox 943 3424 1040 3487; x_wconf 89' lang='lat' dir='ltr'>trium</span> <span class='ocrx_word' id='word_1_236' title='bbox 1063 3428 1188 3488; x_wconf 88' lang='lat' dir='ltr'>tantum</span> <span class='ocrx_word' id='word_1_237' title='bbox 1211 3422 1298 3487; x_wconf 90' lang='lat' dir='ltr'>codi-</span> 
     </span>
     <span class='ocr_line' id='line_1_29' title="bbox 118 3532 1295 3616; baseline 0.002 -20"><span class='ocrx_word' id='word_1_238' title='bbox 118 3549 192 3596; x_wconf 92' lang='lat' dir='ltr'>cum</span> <span class='ocrx_word' id='word_1_239' title='bbox 214 3532 454 3598; x_wconf 87' lang='lat' dir='ltr'>Blandiniorum</span> <span class='ocrx_word' id='word_1_240' title='bbox 486 3535 680 3601; x_wconf 89' lang='lat' dir='ltr'>auctoritate</span> <span class='ocrx_word' id='word_1_241' title='bbox 708 3536 949 3602; x_wconf 89' lang='lat' dir='ltr'>commendatae</span> <span class='ocrx_word' id='word_1_242' title='bbox 971 3533 1190 3616; x_wconf 84' lang='lat' dir='ltr'>proferuntur,</span> <span class='ocrx_word' id='word_1_243' title='bbox 1223 3551 1295 3598; x_wconf 89' lang='lat' dir='ltr'>con·</span> 
     </span>
     <span class='ocr_line' id='line_1_30' title="bbox 117 3644 1296 3726; baseline 0 -18"><span class='ocrx_word' id='word_1_244' title='bbox 117 3644 321 3722; x_wconf 81' lang='lat' dir='ltr'>gesserimus.</span> <span class='ocrx_word' id='word_1_245' title='bbox 365 3645 437 3709; x_wconf 88' lang='lat' dir='ltr'>Jam</span> <span class='ocrx_word' id='word_1_246' title='bbox 469 3646 501 3708; x_wconf 91' lang='lat' dir='ltr'>iu</span> <span class='ocrx_word' id='word_1_247' title='bbox 529 3645 633 3711; x_wconf 89' lang='lat' dir='ltr'>altera</span> <span class='ocrx_word' id='word_1_248' title='bbox 663 3647 792 3710; x_wconf 87' lang='lat' dir='ltr'>secundi</span> <span class='ocrx_word' id='word_1_249' title='bbox 822 3646 896 3712; x_wconf 91' lang='lat' dir='ltr'>libri</span> <span class='ocrx_word' id='word_1_250' title='bbox 923 3654 1016 3726; x_wconf 87' lang='lat' dir='ltr'>parte</span> <span class='ocrx_word' id='word_1_251' title='bbox 1038 3664 1119 3709; x_wconf 91' lang='lat' dir='ltr'>unus</span> <span class='ocrx_word' id='word_1_252' title='bbox 1140 3645 1296 3711; x_wconf 91' lang='lat' dir='ltr'>eiusmodi</span> 
     </span>
     <span class='ocr_line' id='line_1_31' title="bbox 116 3753 1294 3838; baseline 0 -20"><span class='ocrx_word' id='word_1_253' title='bbox 116 3753 209 3818; x_wconf 86' lang='lat' dir='ltr'>locun</span> <span class='ocrx_word' id='word_1_254' title='bbox 231 3755 391 3835; x_wconf 87' lang='lat' dir='ltr'>reperitur</span> <span class='ocrx_word' id='word_1_255' title='bbox 413 3753 486 3837; x_wconf 82' lang='grc'>(19,</span> <span class='ocrx_word' id='word_1_256' title='bbox 512 3757 583 3838; x_wconf 83' lang='lat' dir='ltr'>lb),</span> <span class='ocrx_word' id='word_1_257' title='bbox 617 3757 649 3820; x_wconf 89' lang='lat' dir='ltr'>iu</span> <span class='ocrx_word' id='word_1_258' title='bbox 672 3757 768 3822; x_wconf 92' lang='lat' dir='ltr'>tertio</span> <span class='ocrx_word' id='word_1_259' title='bbox 791 3762 944 3838; x_wconf 90' lang='lat' dir='ltr'>quattuor</span> <span class='ocrx_word' id='word_1_260' title='bbox 968 3756 1070 3838; x_wconf 89' lang='grc'>(1,43;</span> <span class='ocrx_word' id='word_1_261' title='bbox 1094 3756 1182 3835; x_wconf 81' lang='grc'>2,10;</span> <span class='ocrx_word' id='word_1_262' title='bbox 1207 3753 1294 3836; x_wconf 86' lang='grc'>10,6;</span> 
     </span>
     <span class='ocr_line' id='line_1_32' title="bbox 116 3864 1295 3948; baseline -0.001 -17"><span class='ocrx_word' id='word_1_263' title='bbox 116 3864 247 3948; x_wconf 64' lang='grc'>31112),</span> <span class='ocrx_word' id='word_1_264' title='bbox 280 3864 313 3929; x_wconf 92' lang='lat' dir='ltr'>iu</span> <span class='ocrx_word' id='word_1_265' title='bbox 343 3872 458 3946; x_wconf 89' lang='lat' dir='ltr'>quarto</span> <span class='ocrx_word' id='word_1_266' title='bbox 488 3865 667 3946; x_wconf 86' lang='lat' dir='ltr'>quindecim</span> <span class='ocrx_word' id='word_1_267' title='bbox 700 3869 804 3948; x_wconf 89' lang='lat' dir='ltr'>(l,ll;</span> <span class='ocrx_word' id='word_1_268' title='bbox 836 3867 902 3946; x_wconf 81' lang='lat'>2,3;</span> <span class='ocrx_word' id='word_1_269' title='bbox 933 3865 1295 3947; x_wconf 73' lang='lat'>3634933,14;5,12;</span> 
     </span>
     <span class='ocr_line' id='line_1_33' title="bbox 118 3975 1295 4060; baseline 0.003 -21"><span class='ocrx_word' id='word_1_270' title='bbox 118 3978 178 4054; x_wconf 90' lang='grc'>14;</span> <span class='ocrx_word' id='word_1_271' title='bbox 204 3976 270 4056; x_wconf 90' lang='grc'>8,1;</span> <span class='ocrx_word' id='word_1_272' title='bbox 294 3975 330 4056; x_wconf 90' lang='grc'>8;</span> <span class='ocrx_word' id='word_1_273' title='bbox 355 3975 411 4055; x_wconf 80' lang='grc'>12;</span> <span class='ocrx_word' id='word_1_274' title='bbox 437 3977 545 4056; x_wconf 86' lang='grc'>14,10;</span> <span class='ocrx_word' id='word_1_275' title='bbox 572 3980 627 4056; x_wconf 91' lang='grc'>11;</span> <span class='ocrx_word' id='word_1_276' title='bbox 651 3978 708 4057; x_wconf 83' lang='grc'>26;</span> <span class='ocrx_word' id='word_1_277' title='bbox 732 3979 791 4056; x_wconf 78' lang='grc'>28;</span> <span class='ocrx_word' id='word_1_278' title='bbox 817 3977 933 4060; x_wconf 81' lang='grc'>15,10).</span> <span class='ocrx_word' id='word_1_279' title='bbox 974 3979 1146 4044; x_wconf 90' lang='lat' dir='ltr'>Praeterea</span> <span class='ocrx_word' id='word_1_280' title='bbox 1169 3977 1295 4042; x_wconf 89' lang='lat' dir='ltr'>omniuo</span> 
     </span>
     <span class='ocr_line' id='line_1_34' title="bbox 115 4086 1295 4180; baseline 0.002 -30"><span class='ocrx_word' id='word_1_281' title='bbox 115 4086 216 4150; x_wconf 90' lang='lat' dir='ltr'>trium</span> <span class='ocrx_word' id='word_1_282' title='bbox 239 4092 365 4153; x_wconf 87' lang='lat' dir='ltr'>tantum</span> <span class='ocrx_word' id='word_1_283' title='bbox 389 4087 630 4153; x_wconf 88' lang='lat' dir='ltr'>Blandiniorum</span> <span class='ocrx_word' id='word_1_284' title='bbox 662 4087 731 4153; x_wconf 89' lang='lat' dir='ltr'>fieri</span> <span class='ocrx_word' id='word_1_285' title='bbox 761 4109 781 4152; x_wconf 93' lang='lat' dir='ltr'>a</span> <span class='ocrx_word' id='word_1_286' title='bbox 804 4089 943 4171; x_wconf 82' lang='lat' dir='ltr'>Oruquio</span> <span class='ocrx_word' id='word_1_287' title='bbox 966 4090 1157 4180; x_wconf 80' lang='lat' dir='ltr'>mentionem</span> <span class='ocrx_word' id='word_1_288' title='bbox 1187 4108 1225 4154; x_wconf 85' lang='lat' dir='ltr'>cx</span> <span class='ocrx_word' id='word_1_289' title='bbox 1247 4089 1295 4170; x_wconf 90' lang='lat' dir='ltr'>ip·</span> 
     </span>
     <span class='ocr_line' id='line_1_35' title="bbox 114 4197 1296 4283; baseline 0.003 -23"><span class='ocrx_word' id='word_1_290' title='bbox 114 4197 186 4262; x_wconf 88' lang='lat' dir='ltr'>sius</span> <span class='ocrx_word' id='word_1_291' title='bbox 209 4197 314 4262; x_wconf 82' lang='lat' dir='ltr'>verbis</span> <span class='ocrx_word' id='word_1_292' title='bbox 336 4205 473 4279; x_wconf 89' lang='lat' dir='ltr'>apparet</span> <span class='ocrx_word' id='word_1_293' title='bbox 495 4199 536 4264; x_wconf 93' lang='lat' dir='ltr'>ad</span> <span class='ocrx_word' id='word_1_294' title='bbox 561 4199 669 4264; x_wconf 90' lang='lat' dir='ltr'>decem</span> <span class='ocrx_word' id='word_1_295' title='bbox 692 4199 862 4281; x_wconf 74' lang='lat' dir='ltr'>lectioneS,</span> <span class='ocrx_word' id='word_1_296' title='bbox 894 4219 933 4265; x_wconf 89' lang='lat' dir='ltr'>ex</span> <span class='ocrx_word' id='word_1_297' title='bbox 954 4201 1070 4283; x_wconf 91' lang='lat' dir='ltr'>quibus</span> <span class='ocrx_word' id='word_1_298' title='bbox 1091 4217 1154 4265; x_wconf 90' lang='lat' dir='ltr'>una</span> <span class='ocrx_word' id='word_1_299' title='bbox 1176 4200 1296 4280; x_wconf 82' lang='lat' dir='ltr'>legitur</span> 
     </span>
     <span class='ocr_line' id='line_1_36' title="bbox 113 4308 1295 4393; baseline 0.001 -20"><span class='ocrx_word' id='word_1_300' title='bbox 113 4308 149 4373; x_wconf 92' lang='lat' dir='ltr'>in</span> <span class='ocrx_word' id='word_1_301' title='bbox 174 4308 313 4373; x_wconf 85' lang='lat' dir='ltr'>secundo</span> <span class='ocrx_word' id='word_1_302' title='bbox 335 4309 459 4388; x_wconf 87' lang='lat'>(18,8),·</span> <span class='ocrx_word' id='word_1_303' title='bbox 485 4328 547 4372; x_wconf 90' lang='lat' dir='ltr'>una</span> <span class='ocrx_word' id='word_1_304' title='bbox 576 4310 608 4374; x_wconf 93' lang='lat' dir='ltr'>in</span> <span class='ocrx_word' id='word_1_305' title='bbox 640 4310 734 4374; x_wconf 87' lang='lat' dir='ltr'>tertio</span> <span class='ocrx_word' id='word_1_306' title='bbox 757 4311 877 4393; x_wconf 84' lang='grc'>(1,43),</span> <span class='ocrx_word' id='word_1_307' title='bbox 906 4318 976 4377; x_wconf 93' lang='lat' dir='ltr'>octo</span> <span class='ocrx_word' id='word_1_308' title='bbox 1006 4312 1038 4375; x_wconf 90' lang='lat' dir='ltr'>in</span> <span class='ocrx_word' id='word_1_309' title='bbox 1070 4319 1185 4392; x_wconf 90' lang='lat' dir='ltr'>quarto</span> <span class='ocrx_word' id='word_1_310' title='bbox 1213 4311 1295 4377; x_wconf 91' lang='lat' dir='ltr'>libro</span> 
     </span>
     <span class='ocr_line' id='line_1_37' title="bbox 114 4417 1296 4506; baseline 0.003 -22"><span class='ocrx_word' id='word_1_311' title='bbox 114 4419 223 4500; x_wconf 60' lang='lat'>(1303</span> <span class='ocrx_word' id='word_1_312' title='bbox 247 4417 315 4501; x_wconf 76' lang='lat' dir='ltr'>5,r;</span> <span class='ocrx_word' id='word_1_313' title='bbox 340 4418 398 4484; x_wconf 88' lang='lat'>34:</span> <span class='ocrx_word' id='word_1_314' title='bbox 422 4419 512 4500; x_wconf 77' lang='lat'>9,52;</span> <span class='ocrx_word' id='word_1_315' title='bbox 538 4422 646 4501; x_wconf 82' lang='lat'><strong>13‚14;</strong></span> <span class='ocrx_word' id='word_1_316' title='bbox 672 4420 759 4504; x_wconf 77' lang='lat'>15,7;</span> <span class='ocrx_word' id='word_1_317' title='bbox 783 4423 893 4504; x_wconf 79' lang='lat'>15,11;</span> <span class='ocrx_word' id='word_1_318' title='bbox 916 4423 980 4505; x_wconf 83' lang='lat'>18).</span> <span class='ocrx_word' id='word_1_319' title='bbox 1016 4422 1181 4488; x_wconf 87' lang='lat' dir='ltr'>Habemus</span> <span class='ocrx_word' id='word_1_320' title='bbox 1195 4423 1296 4506; x_wconf 86' lang='lat' dir='ltr'>igitur</span> 
     </span>
    </p>
   </div>
   <div class='ocr_carea' id='block_1_7' title="bbox 0 0 1564 5060">
    <p class='ocr_par' dir='ltr' id='par_1_7' title="bbox 0 0 1564 5060">
     <span class='ocr_line' id='line_1_38' title="bbox 0 0 1564 5060; baseline 0 4"><span class='ocrx_word' id='word_1_321' title='bbox 0 0 1564 5060; x_wconf 95' lang='lat' dir='ltr'> </span> 
     </span>
    </p>
   </div>
  </div>
 </body>
</html>
