3118 5060
709 249 922 313 ...10-

225 439 307 502 quae
328 419 487 502 Gruquius
518 419 594 484 lecit
623 420 664 484 ad
696 423 756 484 sat.
778 419 806 498 I,
829 419 900 498 297
933 423 967 482 et
997 418 1041 482 ad
1071 435 1119 500 ep.
1142 416 1185 495 ΙΙ,
1205 415 1300 492 2316
1321 415 1424 480 male'

224 531 462 612 intellegantur,
484 550 544 594 non
569 531 673 596 minus
696 535 781 595 recte
804 530 834 594 ei
856 529 975 611 opponi
993 533 1101 610 potest
1116 529 1227 594 eadem
1251 527 1309 592 bac
1331 545 1409 606 pro-

224 641 346 708 ferendi
377 641 499 706 ratione
531 641 742 706 demonstrari
774 641 871 706 etiam
901 641 974 706 aliis
1002 640 1080 706 locis
1111 657 1169 722 per
1191 637 1289 704 verba
1312 656 1407 718 ,unus

224 752 422 818 Blandinius'
453 771 515 818 non
546 751 802 832 antiquissimum
833 752 889 816 sed
919 769 1014 816 unum
1048 769 1086 814 ex
1114 748 1186 814 aliis
1208 748 1311 814 tribus
1333 767 1406 814 esse

223 862 480 943 intellegendum.
525 862 625 928 Porro
653 863 733 945 quid
754 863 896 928 dicamus
928 863 969 926 de
989 860 1255 926 commemorandi
1277 878 1406 939 genere,

228 973 322 1054 quale
344 973 462 1055 legitur
484 975 524 1038 ad
548 979 609 1040 sat.
625 974 667 1050 ΙΙ,
691 974 761 1055 1,17
785 972 830 1056 (p.
845 974 919 1050 410,
942 972 993 1052 b):
1020 971 1070 1052 „in
1093 989 1156 1037 uno
1178 989 1217 1034 ex
1239 969 1404 1036 codicibus

225 1084 338 1150 Bland.
371 1067 507 1150 babetur
536 1086 615 1152 haec
645 1085 740 1152 lectio
770 1090 830 1150 ont
849 1086 927 1150 mibi
949 1085 1042 1150 deero
1063 1079 1167 1148 et'o.'’?
1210 1082 1320 1149 Nonne
1342 1100 1402 1161 pro

222 1199 309 1260 certo
338 1194 493 1261 affirmari
523 1201 631 1278 potest
662 1196 714 1261 hic
736 1196 941 1261 Blandinium
971 1194 1225 1262 vetustissimum
1247 1213 1306 1260 non
1330 1210 1400 1258 esse

221 1306 368 1370 dictum?
412 1307 461 1372 An
494 1307 566 1387 quis
594 1313 663 1385 est,
695 1307 749 1388 qui
773 1306 945 1386 Gruquium
977 1311 1043 1370 tam
1073 1304 1205 1370 incertis
1226 1309 1323 1385 etque
1344 1303 1399 1368 ob-

222 1417 323 1482 scuris
344 1417 449 1482 verbis
472 1434 564 1482 usum
580 1418 748 1484 lectionem
763 1416 880 1482 codicis
901 1415 987 1480 illius
1002 1416 1165 1482 aestimati
1187 1435 1207 1480 a
1221 1433 1255 1480 se
1270 1414 1400 1480 maximi

220 1526 339 1606 publici
368 1528 448 1594 iuris
477 1528 582 1593 facere
612 1528 749 1594 voluisse
778 1528 911 1592 credat?
955 1526 1076 1592 Similis
1108 1526 1195 1592 locus
1222 1531 1273 1592 est
1294 1545 1320 1592 c.
1344 1525 1399 1606 IV,

220 1638 269 1718 2,7
299 1636 344 1720 (p.
367 1639 429 1702 217
441 1687 448 1716 ,
471 1638 521 1722 b):
554 1640 683 1720 ‚fervet
713 1657 794 1702 unus
826 1639 924 1703 codex
954 1637 1005 1702 hic
1037 1637 1135 1702 habet
1162 1638 1286 1718 ferolt.''
1329 1635 1398 1712 uuo

217 1749 286 1813 loco
308 1768 499 1831 quamquam
523 1769 562 1816 ne
578 1750 768 1816 Blandinius
791 1750 920 1830 quidem
943 1749 1043 1815 codex
1065 1748 1256 1826 nominatur,
1290 1751 1398 1811 tamen

220 1859 368 1926 Meuesio
400 1861 478 1928 haec
508 1861 602 1926 lectio
625 1861 726 1926 codici
749 1861 777 1925 V
799 1860 1010 1926 adscribenda
1033 1859 1211 1924 videbatur.
1256 1859 1300 1922 At
1321 1877 1396 1924 vero

219 1969 402 2035 Mewesium
425 1990 463 2036 ne
485 1971 525 2036 ab
541 1971 689 2052 opinione
712 1990 770 2037 sua
785 1969 948 2036 discedere
968 1975 1143 2050 cogeretur,
1166 1969 1263 2034 etiam
1286 1973 1398 2035 contra

219 2080 322 2160 ipsius
345 2080 499 2147 iudicium
529 2081 810 2147 caloasslaudinii
834 2082 1025 2162 scripturam
1047 2081 1150 2146 codici
1171 2080 1200 2144 V
1222 2080 1397 2161 imputasse

219 2191 350 2272 docent,
388 2211 470 2273 quae
506 2213 526 2258 a
558 2191 696 2274 Cruquio
729 2193 886 2256 adnotata
921 2191 1072 2275 leguntur
1104 2193 1146 2256 ad
1174 2210 1200 2257 c.
1230 2191 1293 2270 111,
1323 2189 1397 2268 27‚4

219 2303 264 2382 (p.
281 2303 354 2381 203,
377 2302 427 2386 b):
451 2304 610 2386 ‚setaque
625 2322 707 2368 unus
723 2304 836 2369 Bland.
859 2305 956 2370 babet
973 2309 1162 2386 paceinque,
1184 2302 1267 2367 alius
1281 2301 1393 2366 Bland.

216 2414 393 2496 feriaque.'’
438 2415 507 2493 Quo
536 2414 568 2478 in
600 2433 696 2480 versu
726 2415 787 2480 etsi
819 2414 1009 2481 codicemV
1038 2413 1218 2479 exhibuisse
1248 2410 1393 2493 ,fetaque'

218 2541 278 2588 non
302 2525 395 2589 modo
417 2524 495 2589 mibi
523 2526 580 2590 sed
605 2526 702 2591 etiam
724 2525 873 2590 Mewesio
895 2525 1060 2608 probabile
1080 2525 1229 2591 videatur
1252 2522 1305 2606 (ci.
1328 2524 1394 2588 eius

217 2633 289 2697 adn.
313 2633 333 2698 l.
355 2635 375 2699 l.
398 2654 429 2714 p.
453 2637 524 2718 65),
548 2641 656 2700 tumen
681 2635 874 2718 ,paestaque'
897 2636 929 2701 in
951 2637 1071 2702 codicis
1092 2636 1121 2701 V
1143 2634 1316 2703 lectionum
1339 2653 1402 2717 nus

217 2761 304 2810 mero
341 2744 460 2812 referre
490 2745 619 2812 minime
640 2746 812 2812 dubitavit.
843 2783 886 2793 —
916 2748 985 2830 lige
1017 2765 1091 2814 vero
1120 2747 1285 2812 videamus
1315 2745 1393 2809 alios

217 2856 296 2922 duos
318 2857 412 2935 loooS,
435 2859 490 2938 qui
512 2857 652 2923 Meuesii
675 2859 852 2924 sententiae
873 2858 1151 2924 vehementissime
1173 2857 1391 2923 obluctantur:

217 2986 265 3046 ep.
288 2966 313 3047 1,
336 2967 409 3043 d,50
430 2967 475 3048 (p.
498 2969 577 3049 537,
599 2971 651 3052 a):
679 2969 824 3047 „laevom
847 2970 940 3034 lotos.
986 2970 1032 3035 sic
1045 2970 1211 3062 ‚scriptum
1233 2967 1336 3031 inveni
1359 2964 1391 3029 in

216 3077 311 3141 Mart.
334 3083 367 3142 et
383 3077 437 3144 Sil.
460 3080 528 3145 cod.
551 3079 583 3143 in
607 3080 753 3146 Tonsano
776 3101 907 3146 suevum
935 3092 969 3145 et
993 3099 1091 3163 supra
1123 3085 1268 3146 notatum
1290 3097 1390 3142 saeue.

215 3188 246 3251 in
280 3205 341 3252 uno
372 3207 419 3253 ex
442 3189 555 3254 Bland.
584 3211 714 3256 soonam
741 3191 761 3256 i.
783 3211 817 3257 e·
840 3192 929 3257 ultra
957 3211 1145 3260 mensuram.
1188 3209 1298 3256 verum
1320 3206 1389 3253 cum

215 3299 381 3363 doctorum
413 3317 565 3366 consensu
595 3319 711 3382 sequor
738 3302 911 3382 antiqua
941 3302 1090 3384 scripta.‘'
1133 3301 1255 3366 Deinde
1287 3298 1326 3365 of.
1348 3297 1390 3363 ad

215 3424 241 3471 c.
262 3408 289 3487 I,
311 3409 405 3489 tals
437 3411 482 3494 (p.
505 3412 556 3492 61,
578 3412 631 3493 b):
664 3431 807 3490 „omnes
840 3431 920 3494 quos
950 3414 1016 3481 vidi
1046 3412 1157 3493 scripti
1186 3410 1241 3476 lib.
1272 3408 1389 3473 hebent

215 3517 266 3594 bo,
288 3526 423 3598 praeter¹
438 3538 534 3584 unum
557 3521 679 3599 Bland.,
702 3522 735 3588 in
757 3540 819 3603 quo
840 3525 994 3606 scriptum
1017 3531 1066 3591 est
1087 3524 1138 3601 ob,
1161 3523 1217 3587 sed
1240 3539 1300 3585 non
1322 3518 1389 3584 siue

214 3627 321 3692 litura
345 3637 378 3693 et
408 3631 484 3712 quia
514 3631 612 3712 hoec,
643 3652 724 3715 quae
752 3640 947 3714 tractantur,
979 3635 1136 3701 amatoria
1165 3637 1256 3711 sunt,
1285 3632 1388 3695 iocosa

117 3802 121 3812 ,
214 3743 247 3801 et
262 3738 386 3804 ludicra
400 3760 457 3807 neo
468 3742 602 3809 multum
614 3743 759 3825 dolenda,
774 3754 902 3812 secutus
917 3765 986 3811 sum
1002 3748 1122 3826 scripta
1137 3739 1334 3826 potiora’‘
1346 3777 1387 3786 —

214 3885 256 3893 —
288 3849 431 3930 Denique
468 3852 494 3916 si
523 3854 587 3918 iam
617 3855 767 3923 lectiones
800 3859 893 3923 unius
922 3856 1083 3922 Blandinii
1114 3873 1183 3922 esse
1212 3852 1329 3919 codicis
1360 3851 1388 3916 V

104 4016 110 4025 .
214 3964 409 4041 statuamus,
431 3981 487 4027 cur
509 3963 684 4046 Gruquius,
706 3986 776 4033 cum
798 3973 864 4032 tam
888 3986 982 4049 saepe
1004 3967 1108 4049 ipsum
1132 3965 1271 4031 codicem
1293 3963 1387 4029 Blan-

214 4070 335 4134 dinium
352 4074 606 4154 antiquissimum
622 4078 750 4144 disertis
767 4079 873 4145 verbis
888 4077 1152 4154 commemorarit,
1165 4092 1386 4156 nonnunquam

214 4179 269 4244 illo
292 4181 389 4247 dubio
410 4183 728 4269 proferendigenere
750 4190 793 4254 sit
815 4208 900 4267 usus,
922 4187 1063 4269 intellegi
1085 4189 1138 4252 vix
1159 4185 1268 4269 possit.

300 4293 450 4360 Attamen
473 4296 509 4375 is,
532 4298 646 4379 quiex
669 4301 725 4380 eis,
752 4318 833 4381 quae
856 4300 915 4366 bac
936 4300 1137 4382 paragrapho
1159 4301 1298 4384 exposui,
1321 4319 1385 4364 orn·

213 4399 306 4467 nibus
335 4402 428 4485 lociS,
465 4408 580 4488 quibus
610 4409 768 4491 (lruquius
797 4429 859 4475 non
889 4412 982 4477 modo
1011 4413 1110 4479 ouius
1139 4411 1300 4478 Blandinii
1329 4411 1385 4478 sed
