3118 5060
692 252 908 316 ..4ss-

209 453 251 466 -
274 419 340 500 al).
385 420 489 498 Quare
516 417 708 498 Horatium,
738 425 775 483 nt
807 420 949 501 ineptum
971 417 1136 484 Nasidieni
1167 416 1388 498 garrulitatem

209 519 429 596 efficacissime
441 528 637 610 depingeret,
659 529 773 594 horum
789 530 958 596 verborum
980 547 1098 612 genera
1120 526 1266 594 consulto
1290 532 1388 610 atque

211 640 411 705 considerate
442 639 628 704 immutasse
657 646 802 721 apparet.
852 641 904 704 Ad
938 640 1017 705 haec
1046 639 1186 705 virorum
1223 642 1388 706 doctorum

211 757 401 830 argumenta
423 750 483 814 hoc
505 749 606 814 habeo
634 748 847 816 adiciendum.
891 749 1047 816 Horatius
1070 751 1170 831 enim,
1199 756 1238 816 ut
1261 748 1388 814 nimiam

209 859 310 942 palati
332 859 509 926 sollertiam
524 865 622 941 atquc
645 859 746 925 stulta
766 865 941 942 praecepta
962 860 1117 925 culinaria
1139 862 1311 942 vituperet,
1333 859 1388 923 ho·

210 989 281 1035 rum
304 970 461 1052 pecudum
483 989 597 1049 mares,
621 969 754 1036 aliorum
776 971 911 1036 feminus
933 971 976 1035 ad
998 970 1103 1037 cibum
1127 970 1306 1052 parandum
1328 970 1388 1034 im-

208 1080 321 1160 primis
354 1097 424 1146 esse
455 1081 585 1146 idoneos
608 1080 791 1148 etiamalio
814 1082 881 1149 loco
903 1082 1009 1148 iocose
1031 1086 1159 1147 narrat:
1190 1085 1251 1145 sat.
1285 1080 1336 1158 11,
1358 1079 1389 1160 4,

215 1192 356 1256 12—14:

296 1303 425 1384 „Longa
448 1301 562 1385 quibus
582 1301 682 1368 iacies
704 1302 773 1369 ovis
793 1302 865 1390 erit,
888 1301 945 1367 illa
967 1308 1134 1382 memento,

299 1413 363 1494 „Ut
384 1415 453 1481 suci
474 1413 614 1480 melioris
637 1420 671 1480 et
692 1419 728 1479 nt
751 1413 854 1497 magis
876 1412 950 1478 alba
972 1414 1132 1494 rotundis,

299 1524 458 1606 „Ponerez
481 1542 617 1605 namque
640 1541 760 1589 marem
784 1523 934 1590 cohibent
957 1523 1077 1590 callosa
1099 1523 1274 1591 vitellum.'’

211 1636 303 1702 Alter
324 1635 428 1718 locus,
460 1653 552 1718 quem
576 1635 781 1702 tractandum
804 1635 894 1703 nobis
916 1636 1157 1718 proposuimus,
1187 1637 1386 1718 seleucii,

210 1748 300 1828 tae:

298 1860 485 1939 „Fecundae
507 1858 625 1940 leporis
649 1860 777 1942 sapiens
799 1859 977 1925 sectabitur
998 1856 1132 1924 armos’'.

212 1971 319 2037 Codex
339 1971 424 2036 enim
445 1969 634 2036 Blandinins
657 1975 769 2036 eontra
791 1969 925 2035 aliorum
948 1970 1237 2050 manuscriptorum
1259 1987 1390 2036 consen-

211 2101 292 2162 sum,
313 2082 368 2165 qui
391 2081 510 2148 hahent
531 2079 688 2161 ,fecundi'‚
710 2081 841 2148 exhibet
863 2081 1044 2161 ,fecundael
1089 2082 1135 2146 Ac
1157 2080 1297 2162 plurium
1320 2083 1389 2164 qui·

211 2195 284 2258 dem
313 2194 456 2259 codicum
488 2194 649 2275 scriptura
681 2193 727 2260 ito
758 2199 808 2258 ast
838 2193 1071 2276 intellegenda,
1101 2198 1138 2256 ut
1170 2191 1317 2274 ,fecundi'
1348 2194 1390 2258 sit

215 2305 391 2388 epitheton,
414 2305 499 2386 quod
522 2305 641 2372 dicitnr
657 2323 782 2384 ornans,
804 2305 838 2370 id
854 2306 939 2386 quod
963 2303 1104 2370 hocloco
1126 2321 1163 2368 eo
1186 2304 1296 2386 aptius
1317 2322 1388 2371 essa

216 2416 361 2482 Kellerus
389 2415 546 2498 affirmat,
575 2417 651 2498 quia
678 2416 796 2499 leporis
823 2417 1003 2482 fecunditas
1032 2415 1097 2481 iam
1126 2417 1158 2481 in
1188 2415 1390 2497 proverbium

215 2528 355 2594 oessmit
400 2527 464 2593 Sed
486 2527 551 2592 tale
579 2527 743 2608 epitheton
774 2545 891 2593 ornans
912 2527 945 2591 in
968 2527 1025 2607 iis,
1056 2529 1095 2593 de
1126 2529 1242 2608 quibus
1273 2528 1391 2610 agitor,

215 2638 395 2720 praeceptis
409 2637 572 2706 culinariis
585 2656 718 2720 prorsus
733 2639 876 2720 ineptum
891 2644 951 2720 est,
966 2656 1067 2719 neque
1081 2638 1250 2704 Horatium
1267 2657 1392 2721 semper

129 2755 180 2764 ””’“’
215 2758 281 2814 tarn
303 2749 406 2832 polita
427 2757 556 2831 tamque
578 2759 713 2817 venusta
741 2749 884 2816 oratione
914 2769 1007 2816 usum
1028 2751 1071 2816 ad
1100 2751 1304 2832 proverbium
1325 2769 1392 2814 ser·

213 2876 307 2928 'rnonc
334 2861 520 2942 quotidiano
551 2863 664 2928 tritum
694 2863 874 2945 respexisse
903 2861 1044 2928 animum
1074 2862 1224 2928 inducere
1254 2879 1391 2943 possum.

217 2975 324 3052 Quare
346 2974 444 3038 etium
466 2973 494 3040 si
517 2973 605 3038 nulla
626 2974 769 3040 codicum
801 2974 980 3038 differentia
1010 2977 1167 3052 exstaret,
1195 2973 1229 3037 in
1257 2973 1392 3040 lectione

215 3084 362 3164 ,fecundi'
377 3102 428 3150 me
443 3085 634 3150 offensurum
649 3102 718 3150 esse
733 3082 867 3150 affirmo.
911 3089 956 3150 At
977 3103 1053 3152 varo
1076 3084 1244 3164 ,fecundae
1264 3080 1392 3166 leporis’

216 3197 301 3262 idem
322 3200 371 3262 est
393 3201 490 3277 atque
511 3195 747 3278 praegnantis,
777 3214 871 3278 quem
893 3196 979 3263 vocis
1000 3194 1175 3278 ,fecundos’
1205 3213 1300 3260 usum
1329 3212 1390 3260 non

217 3326 286 3374 esse
308 3306 494 3372 insolentem
513 3326 552 3374 cx
568 3307 683 3375 Ouidio
706 3309 852 3390 (Metam.
874 3308 1015 3390 11,472)
1038 3325 1195 3389 apparere
1208 3307 1392 3388 Krnegerns

216 3424 302 3485 recte
325 3416 456 3484 monuit.
500 3417 648 3485 Ceterum
677 3421 835 3500 quomodo
856 3438 909 3486 res
938 3437 974 3486 se
1003 3419 1139 3498 habeat,
1169 3417 1319 3483 facillime
1342 3423 1393 3483 est

217 3530 390 3596 intellectu.
433 3529 515 3596 Num
537 3529 690 3596 Horatius
713 3538 749 3597 ut
771 3550 829 3613 per
860 3536 961 3597 totam
989 3531 1073 3596 hanc
1094 3529 1227 3595 satiram
1249 3529 1393 3595 homines

216 3641 344 3726 gulosos
366 3640 522 3723 gulaeque
553 3641 736 3724 voluptates
767 3643 920 3710 insectari
950 3643 1013 3709 sibi
1042 3641 1226 3724 proposuit,
1257 3641 1305 3706 itu
1325 3640 1394 3720 hoc,

218 3771 310 3835 quem
332 3757 518 3838 tractamus,
540 3773 634 3820 versu
649 3754 759 3836 inepte
781 3756 886 3838 carpit
900 3761 1075 3837 praecepta
1097 3750 1262 3818 culinaria.
1295 3752 1392 3816 Prae·

218 3875 307 3932 terea
328 3866 369 3931 ad
392 3863 476 3929 hune
497 3864 601 3931 locum
624 3885 662 3931 ea
689 3867 879 3933 conferenda
907 3872 1004 3949 puto,
1035 3884 1117 3948 quaa
1139 3864 1295 3929 Horatius
1318 3862 1394 3945 (sat.

219 3978 261 4057 ΙΙ,
285 3979 315 4058 8,
336 3974 481 4060 43-44)
503 3994 524 4042 a
545 3976 716 4044 Nasidieno
739 3979 780 4044 de
802 3985 955 4044 muraena
975 3977 1064 4043 dicta
1084 3974 1189 4040 finxit:

305 4136 475 4168 ......
498 4087 578 4155 haec
600 4089 744 4171 gravida,
768 4090 882 4170 inquit,

305 4199 429 4280 „Capta
448 4202 509 4278 est,
531 4198 670 4264 deterior
691 4206 764 4281 post
785 4205 914 4281 parturn
937 4217 1031 4265 carne
1052 4193 1192 4262 lutura'’.
1213 4230 1256 4242 -

305 4316 405 4380 Porro
436 4308 535 4376 rerba
563 4309 718 4376 faciamus
746 4312 787 4376 de
816 4311 880 4376 alio
908 4311 986 4376 loco.
1029 4309 1112 4374 Nam
1134 4308 1176 4372 ad
1198 4325 1225 4372 e.
1245 4307 1279 4386 l,
1301 4304 1395 4385 31,18

220 4449 327 4499 omnes
351 4430 475 4497 codices
496 4425 651 4509 praebent
681 4423 744 4506 ,at',
773 4429 902 4504 praeter
924 4420 1142 4501 Cruquianos,
1166 4418 1224 4500 qul
1245 4415 1397 4482 exhibent
