3118 5060
604 265 816 330 ..15-

129 440 227 524 las(c.
243 441 270 522 I,
289 440 375 517 32,1;
401 456 450 518 ep.
475 436 564 518 131,
588 437 656 516 c‚1;
682 433 793 517 15‚23;
818 435 927 514 17,78;
951 441 1012 500 sat.
1027 434 1053 513 1,
1078 434 1186 515 1,108;
1209 433 1301 514 4,25;

128 570 171 632 ep.
184 553 209 630 I,
235 551 343 631 11,22;
367 549 484 629 13,14;1
501 547 619 630 18,15).
657 547 880 625 Quaerendum
897 545 1007 625 igitur,
1029 564 1103 610 num
1119 545 1172 612 ille
1189 548 1302 612 tertias

126 666 177 726 aut
207 666 342 743 quartas
373 661 459 726 idem
492 658 535 722 sit
564 663 660 740 atque
683 657 934 738 antiquissimus.
977 656 1024 720 Ac
1047 655 1150 720 tribus
1172 656 1300 737 quidem

124 771 195 838 locis
224 770 486 837 avetustissimo
520 773 632 852 aperte
661 768 820 834 discretus
851 774 900 833 est
933 768 1046 832 tertias
1068 767 1109 850 (c.
1132 768 1190 846 111,
1212 767 1301 847 24,4w;

126 883 209 963 2783
240 881 508 962 sat1,1,108),
542 880 640 946 semel
670 883 807 962 quartas
838 884 900 960 (ep.
923 878 956 956 I,
986 876 1103 960 18,15).
1148 880 1300 944 Attamen

126 998 272 1076 quartam
303 993 437 1057 eundem
468 1009 539 1056 esse
567 997 665 1072 atque
697 989 953 1070 antiquissimum
985 988 1081 1070 plane
1110 990 1229 1054 dicitnr
1258 991 1301 1057 ad

126 1111 182 1170 sat.
204 1105 231 1183 I,
256 1105 357 1182 1,108.
403 1102 484 1168 Sane
508 1101 567 1165 boc
589 1119 647 1182 pro
670 1106 758 1166 certo
781 1104 908 1164 constat
930 1100 1105 1182 Oruquium
1127 1119 1188 1164 nou
1212 1104 1301 1166 certa

127 1216 248 1280 codices
270 1213 457 1278 numerandi
487 1210 613 1276 ratione
642 1229 735 1276 usum
764 1229 850 1292 esse,
882 1217 919 1275 ut
949 1227 1006 1276 nos
1028 1209 1132 1276 lacere
1154 1211 1299 1276 solemus.

124 1327 318 1404 Quamquam
342 1323 443 1406 igitur
465 1322 666 1388 Muetzellius
688 1321 723 1406 (l.
738 1321 758 1385 l.
779 1341 809 1402 p.
828 1321 904 1405 876)
929 1339 999 1386 cum
1022 1321 1208 1404 saepissime
1231 1327 1297 1386 tres

121 1435 230 1517 reliqui
264 1434 304 1498 ab
336 1434 558 1514 antiquissimo
590 1432 774 1510 discedant,
807 1431 947 1496 naturali
981 1433 1117 1511 quodam
1146 1432 1299 1497 instinctu

120 1546 236 1612 factum
265 1563 335 1611 esse
357 1548 469 1626 putat,
499 1551 536 1608 nt
560 1543 719 1625 cruquius
742 1542 945 1607 Blandinium
968 1543 1221 1608 vetustissimum
1245 1561 1297 1608 vo·

120 1662 204 1724 canet
220 1661 381 1738 quartum,
405 1656 551 1737 equidem
576 1654 656 1720 illud
672 1659 808 1735 quartas
829 1653 910 1720 nihil
932 1653 1112 1719 aliudesse
1133 1658 1211 1735 puto
1236 1655 1297 1720 nisi

120 1789 212 1832 acus.
256 1767 338 1832 Nam
362 1785 434 1833 cum
458 1782 616 1845 nusquam
638 1764 777 1844 legatur,
799 1764 860 1830 nisi
883 1769 978 1829 autea
999 1769 1065 1828 tres
1087 1765 1150 1829 iam
1173 1765 1297 1832 codices

118 1878 276 1944 Blandinii
297 1878 536 1942 commemorati
558 1877 632 1956 sint,
656 1875 796 1941 naturali
821 1875 947 1940 dicendi
971 1893 1029 1938 usn
1051 1874 1169 1940 factum
1193 1878 1298 1956 credo,

119 1996 155 2055 ut
175 2009 257 2066 enm,
281 1990 371 2054 cuius
393 1990 531 2053 nondum
547 1987 727 2068 protulerat
742 1986 921 2064 lectionem,
943 1985 1123 2067 appellaret
1139 1993 1297 2068 quartam.

119 2101 206 2163 Adeo
226 2100 312 2163 ‘enim
337 2117 397 2161 non
420 2104 515 2178 puto,
537 2117 626 2176 enm,
648 2116 741 2180 quem
765 2097 925 2178 Gruquius
947 2103 1041 2162 vocat
1062 2104 1222 2179 quartam,
1245 2117 1296 2162 co·

118 2211 219 2274 dicem
243 2226 312 2273 esse
333 2207 606 2285 vetustissimum,
627 2215 664 2272 nt
687 2207 861 2287 Gruqnium
885 2227 942 2287 per
965 2201 1115 2290 quartam
1137 2227 1296 2288 nunquam

117 2317 311 2399 significasse
332 2317 588 2398 antiquissimum
610 2317 784 2398 affirmem,
813 2317 889 2398 quia
910 2336 947 2381 eo
970 2317 1037 2381 solo
1059 2318 1143 2396 loco,
1171 2305 1224 2382 ubi
1246 2321 1294 2383 in-

116 2429 224 2511 tellegi
255 2429 325 2494 vult
353 2429 492 2492 codicem
516 2429 553 2506 V,
585 2447 732 2508 expresse
765 2428 824 2494 hoc
853 2428 958 2510 ipsum
987 2429 1141 2495 adiecerit
1170 2430 1246 2509 (sat.
1268 2430 1294 2511 I,

117 2539 233 2622 1,108).
644 2537 646 2542 ’

199 2650 289 2713 Idem
313 2668 426 2717 censeo
448 2651 488 2715 de
511 2651 550 2715 iis
570 2650 769 2729 lectionibus,
792 2668 872 2732 quas
897 2651 988 2714 tertio
1010 2651 1111 2716 codici
1126 2651 1295 2718 Blandinio

115 2759 226 2824 deberi
249 2759 408 2838 Oruquius
430 2765 540 2824 auctor
564 2766 621 2824 est.
666 2760 790 2838 Quibus
812 2760 889 2826 locis
911 2762 938 2824 si
955 2762 1138 2826 Menesium
1162 2782 1294 2845 sequen-

114 2877 163 2938 tes
178 2889 236 2951 per
252 2871 379 2934 tertiam
394 2869 597 2935 Blandininm
613 2870 860 2952 intellegendum
883 2877 1096 2936 statueremus
1110 2873 1295 2953 antiquissi-

113 2999 217 3060 mum,
247 2999 328 3063 quas
349 2983 390 3046 ad
414 2981 550 3062 ineptias
572 2980 715 3047 futurum
738 2982 798 3060 sit,
829 2987 866 3047 ut
888 2985 1151 3066 perduceremur,
1183 2991 1294 3065 aperte

112 3093 228 3156 docent
243 3090 375 3172 (lruquii
396 3092 503 3170 verba,
525 3109 608 3172 quae
629 3093 797 3158 adnotavit
818 3093 861 3158 ad
877 3113 903 3159 c.
919 3094 974 3175 IV,
999 3094 1070 3176 130
1092 3092 1137 3177 (p.
1154 3094 1226 3174 ⁶214,
1249 3095 1293 3176 b).

113 3201 199 3266 Nam
222 3205 393 3282 postquam
414 3202 447 3265 iu
469 3200 595 3266 duobus
610 3202 772 3267 codicibus
787 3204 1017 3284 antiquissimis
1031 3205 1209 3271 Blandiniis
1231 3206 1294 3286 legi

111 3312 197 3377 dixit
221 3310 350 3392 ,citrea',
372 3317 442 3376 tum
464 3311 495 3375 in
518 3311 615 3377 tertio
638 3311 780 3377 exhiberi
800 3312 969 3392 profitetur
991 3314 1142 3395 ,Cyprea'.
1178 3316 1294 3397 Itaque

112 3422 217 3487 coacti
247 3440 405 3502 essemnS,
438 3427 474 3486 ut
502 3423 554 3501 id,
583 3424 669 3503 quod
697 3422 730 3487 in
759 3423 1082 3504 antiquissimis
1113 3425 1293 3492 Blandiniis

110 3531 240 3612 legatur
263 3531 316 3613 (cf.
339 3533 419 3612 §lt
440 3533 540 3598 codici
564 3534 856 3614 antiquissimo
878 3534 1142 3600 abiudicaremus.
1187 3538 1293 3616 Atque

109 3642 282 3707 Menesius
303 3643 428 3724 saltem,
451 3645 568 3725 quippe
592 3645 645 3724 qni
661 3652 748 3710 recte
770 3645 889 3724 ‚citrea’
912 3646 1013 3711 codici
1027 3646 1056 3710 V
1072 3645 1294 3728 assignaverit,

108 3751 181 3817 fieri
214 3753 273 3818 hoc
305 3753 374 3818 loco
396 3773 458 3818 non
480 3773 574 3834 posse
597 3755 688 3821 nobis
710 3755 952 3834 adversabitur,
982 3761 1019 3820 ut
1040 3756 1172 3838 Gruquii
1195 3757 1293 3822 verba

108 3864 197 3929 male
227 3863 473 3943 intellegantur,
509 3883 608 3946 quare
642 3866 668 3930 is
700 3865 752 3930 hic
783 3885 842 3948 per
872 3866 1004 3932 verbum
1038 3870 1150 3934 tertius
1179 3875 1292 3934 notare

107 3976 255 4055 potuerit
277 3983 310 4040 et
330 3975 427 4041 alium
443 3975 594 4054 codicem,
616 3976 671 4056 qui
694 3995 753 4040 non
775 3977 819 4041 sit
834 3977 1084 4059 antiquissimus.
1129 3979 1192 4044 Sed
1214 3997 1291 4059 qno-
1364 3975 1372 3992 '

108 4085 200 4148 niam
216 4086 357 4153 Menesii
373 4087 564 4152 sententiam
580 4088 682 4152 secuti
705 4092 750 4168 ut,
773 4107 866 4169 quem
883 4088 1041 4168 Oruquius
1057 4095 1148 4154 vocat
1164 4091 1293 4156 tertiam

107 4199 171 4258 aut
199 4201 350 4275 quartam
378 4198 471 4262 modo
502 4217 572 4264 essa
593 4198 868 4279 antiquissimum,
899 4201 992 4264 modo
1021 4219 1081 4264 uon
1111 4205 1292 4267 statuamus

107 4305 268 4385 cogimur,
290 4306 443 4372 lectiones
465 4309 669 4390 tamdubias
691 4327 821 4390 prorsus
843 4311 956 4376 missas
974 4309 1137 4378 faciamus.
