3118 5060
724 229 938 296 ...50-

240 414 312 460 rum
333 395 537 479 diligentiam
566 414 637 465 cum
669 398 795 478 ingenio
825 418 863 465 ac
886 401 1058 482 prudentia
1080 401 1289 471 coniunctam.
1335 405 1423 487 Ergo

241 503 419 588 flagitatur,
442 512 481 571 ut
501 508 537 572 in·
557 513 693 588 utraque
715 510 875 574 sententia
890 510 974 576 idem
999 516 1125 592 tempus
1147 511 1282 592 legatur.
1310 513 1423 594 Itaque

165 627 169 634 '
239 637 310 683 cum
333 637 486 699 praesens
513 617 705 700 ,expediuut’
733 618 766 682 in
797 618 942 684 omnibus
970 619 1037 686 fore
1070 621 1233 688 codicibus
1263 622 1420 688 traditum

240 730 292 810 sit,
315 731 413 794 etiam
437 726 625 810 ,perficiunt'
648 729 851 797 eBlandinio
867 731 1086 797 vetustissimo
1108 733 1324 814 recipiendum
1346 733 1417 799 erit.

334 839 489 916 Quoniam
519 841 620 923 igitur
649 859 687 906 ex
716 841 779 920 eis,
816 859 898 921 quae
927 859 989 909 uno
1025 843 1133 909 codiee
1162 844 1191 908 V
1220 843 1418 922 exhibentur,

243 951 432 1019 lectionibus
454 951 546 1031 louge
569 950 724 1033 plurimas
747 970 804 1017 nec
833 970 950 1032 pravas
979 970 1036 1018 uec
1064 971 1336 1035 supervacaneas,
1365 956 1423 1020 sed

241 1061 368 1127 Horatii
399 1063 527 1143 ingenio
568 1080 636 1127 esse
670 1063 873 1145 dignissimas
911 1064 1066 1144 vidimus,
1104 1065 1168 1130 iam
1199 1065 1275 1132 inde
1304 1064 1421 1130 librum

101 1250 105 1259 Ι
241 1172 446 1239 Blandininm
468 1174 598 1239 minime
620 1191 690 1240 esse
711 1173 943 1258 neglegendum
965 1180 1109 1257 apparet
1132 1211 1173 1222 -—

794 1372 867 1452 er.

325 1507 398 1572 Jam
421 1507 541 1588 siquis
573 1505 670 1572 etiam
700 1525 783 1573 nunc
813 1509 854 1574 de
875 1508 1039 1575 Blandinii
1076 1509 1196 1578 codicis
1224 1509 1424 1591 praestantia

241 1619 385 1699 dubitet,
414 1622 453 1683 ut
478 1636 588 1683 ornnes
617 1619 685 1683 eius
715 1637 753 1684 cx
790 1618 896 1686 animo
924 1620 1097 1688 evellamus
1131 1620 1316 1702 scrupulos,
1344 1627 1421 1702 quot

240 1748 333 1795 verae
355 1737 433 1811 quot
455 1727 556 1795 falsae
577 1729 609 1793 in
631 1749 669 1796 eo
690 1731 893 1811 reperiantur
922 1731 1091 1813 lectiones,
1128 1736 1299 1826 postquam
1321 1732 1425 1814 prima

240 1841 445 1924 paragrapho
480 1841 585 1906 obiter
615 1845 741 1906 tantum
777 1843 1109 1923 commemoravimus,
1142 1861 1224 1909 nunc
1262 1843 1418 1924 copiosius

242 1952 334 2018 nobis
355 1969 512 2032 exponere
542 1951 646 2018 liceat.
691 1951 793 2028 Quam
815 1940 872 2018 ad
887 1954 1105 2034 quaestionem
1136 1959 1221 2020 recto
1243 1954 1424 2020 solvendam

241 2063 381 2144 primum
404 2080 530 2143 omnes,
561 2079 765 2143 quascunque
794 2064 827 2128 in
856 2063 963 2130 lituris
986 2064 1145 2148 quuins
1175 2082 1209 2130 se
1238 2065 1417 2146 repperisse

239 2173 409 2240 confitetur
431 2175 622 2255 scripturas,
646 2179 809 2257 tamqnam
832 2176 1002 2242 admodum
1025 2176 1140 2242 dubias
1161 2181 1258 2256 atque
1280 2176 1417 2242 incertus

236 2288 434 2354 omittamus.
477 2286 556 2362 Dico
585 2291 692 2352 autem
723 2286 781 2351 hos
809 2286 910 2352 locos:
943 2305 969 2352 c.
991 2286 1025 2369 1,
1059 2287 1149 2368 12‚3;
1177 2286 1226 2365 II,
1256 2288 1327 2368 3,1;
1358 2288 1416 2367 11;

243 2399 350 2478 19,23;
373 2398 432 2478 ΠΙ,
454 2398 544 2478 27,Ι;
566 2398 623 2479 IV,
649 2400 737 2479 1,1o;
759 2403 821 2462 sat.
836 2398 863 2477 Ι,
886 2398 996 2479 3,132;
1018 2398 1061 2479 ΙΙ,
1083 2398 1195 2479 3,188;
1217 2397 1308 2479 4,80;
1330 2417 1379 2480 ep.
1394 2398 1420 2477 Ι,

128 2498 131 2503 ’
241 2511 332 2590 2,46;
363 2510 412 2591 Π,
434 2510 516 2588 2,98.
539 2545 582 2556 -
626 2508 749 2576 Deinde
782 2527 889 2576 omnes
917 2527 968 2574 res
998 2509 1071 2576 illas
1099 2509 1234 2590 pusillas
1264 2508 1324 2574 hoc
1354 2509 1421 2574 loco

240 2623 463 2705 neglegamus,
485 2638 568 2702 qnae
590 2638 720 2702 prorsus
741 2618 859 2688 nullius
881 2622 1035 2688 momenti
1055 2627 1132 2688 sunt
1153 2621 1196 2685 ad
1217 2621 1421 2688 iudicandam

243 2733 361 2800 codicis
390 2733 574 2810 Vnabarae
604 2732 848 2813 praestantiam.
909 2732 981 2799 Huc
1011 2733 1096 2798 enirn
1126 2732 1306 2813 pertinent,
1340 2750 1422 2814 quae

242 2845 401 2928 Ornquius
433 2845 474 2912 de
502 2843 760 2926 interpunctione
795 2843 876 2910 satis
905 2844 1016 2910 multis
1044 2843 1122 2913 locis
1155 2843 1307 2910 tradidit:
1338 2839 1422 2926 c.'1,

242 2957 330 3037 11,1;
365 2957 403 3036 3;
437 2956 549 3038 12,13;
580 2956 690 3035 28,30;
723 2956 789 3036 ΠΙ,
821 2955 930 3036 11,30;
961 2961 1022 3020 sat.
1045 2956 1070 3034 I,
1092 2954 1205 3036 2,101;
1235 2954 1325 3034 3393
1361 2955 1422 3035 96;

242 3067 332 3150 6,15;
362 3067 442 3147 117;
472 3074 532 3134 sat.
553 3067 602 3147 II,
627 3066 714 3147 1,86;
738 3067 827 3146 2,77;
856 3067 966 3148 3,283;
988 3084 1037 3147 ep.
1059 3067 1085 3148 l,
1109 3066 1420 3152 12,8;24;1n‚20;

245 3180 355 3263 18,16;
387 3179 444 3258 18;
475 3179 538 3258 57,
569 3176 686 3245 deinde
725 3196 807 3259 quae
846 3180 886 3245 de
926 3196 1075 3246 versuum
1112 3179 1321 3259 dispositione
1351 3197 1424 3244 uar-

242 3294 329 3360 ravit
359 3294 402 3358 ad
431 3309 456 3358 c.
479 3292 513 3374 I,
535 3292 558 3355 4
579 3295 614 3356 et
635 3309 684 3373 ep.
711 3292 751 3356 13
802 3290 946 3370 Denique
983 3290 1138 3357 rationem
1175 3307 1215 3356 ne
1250 3290 1424 3357 habeamus

244 3404 420 3471 carminum
452 3403 712 3486 inscriptionum,
744 3421 826 3485 quae
856 3402 1029 3478 traduntur
1059 3403 1101 3467 ad
1131 3421 1156 3468 c.
1179 3401 1213 3481 I,
1243 3401 1280 3477 4;
1313 3401 1422 3482 11,a;

244 3517 379 3600 epodos3
408 3515 592 3598 ep.1,10;
626 3514 675 3582 15.
698 3551 740 3563 -
779 3515 895 3594 Itaque
918 3518 1043 3580 restant
1072 3519 1239 3582 sexcentae
1276 3531 1331 3580 sex
1360 3513 1423 3579 lec·

243 3630 362 3709 tiones,
396 3646 530 3710 quarum
562 3626 590 3692 si
621 3643 691 3707 eas,
725 3643 806 3708 quar
836 3626 1046 3704 antecedente
1073 3624 1278 3707 paragrapho
1301 3629 1421 3694 traata-
1482 3683 1487 3696 .

245 3739 366 3821 umus,
394 3741 550 3824 genuinas
579 3756 649 3805 esse
677 3739 867 3820 statuimus,
897 3739 1129 3821 quadrigentae
1162 3736 1316 3802 tredecim
1348 3741 1423 3802 sunt

185 3837 192 3848 ’
244 3872 340 3919 verae
362 3853 490 3920 Horatii
511 3851 700 3933 scripturae,
723 3849 928 3932 septuaginta
943 3868 1006 3916 uua
1026 3849 1137 3929 falsae,
1159 3856 1284 3915 centum
1307 3848 1422 3930 viginti

244 3966 327 4058 duae
349 3973 423 4032 sunt
445 3963 570 4031 dubiae.
613 3964 662 4030 Ac
684 3980 723 4028 ne
752 3963 823 4044 quis
844 3966 939 4044 putet
960 3980 1031 4041 eas,
1063 3979 1143 4044 quas
1165 3961 1275 4028 rocavi
1296 3959 1422 4041 dubias,

243 4078 395 4146 lectiones
417 4093 487 4144 esse
509 4075 682 4156 eiusmodi,
712 4080 750 4140 ut
770 4093 891 4156 pravae
912 4075 1022 4156 potius
1051 4073 1217 4140 habendae
1238 4072 1303 4140 sint
1324 4089 1422 4155 quarn

242 4208 353 4272 verae,
376 4206 631 4272 unamquamque
652 4207 691 4254 ex
713 4205 844 4254 numero
866 4202 975 4254 earum
997 4190 1057 4251 aut
1077 4204 1098 4250 a
1119 4184 1280 4268 plerisque
1298 4189 1359 4250 ant
1379 4181 1422 4250 ab

243 4302 302 4369 hoc
324 4303 375 4368 nel
397 4302 452 4368 illo
479 4301 549 4368 viro
579 4301 673 4368 docto
702 4298 866 4368 defensam
888 4303 922 4366 et
950 4298 983 4363 in
1014 4304 1136 4364 textum
1163 4301 1323 4378 receptam
1353 4311 1423 4360 esse

242 4415 559 4482 animadvertendum
583 4419 641 4479 est.
685 4412 757 4478 Huc
785 4412 924 4492 accedit,
954 4411 1037 4498 quod
1066 4410 1146 4478 satis
1174 4408 1293 4474 multae
1315 4426 1354 4475 ex
1374 4405 1422 4471 eis

243 4549 304 4599 nou
327 4531 420 4598 modo
448 4529 481 4595 in
503 4527 672 4594 Blandinio
703 4524 753 4590 vel
775 4525 887 4605 paucis
915 4524 987 4591 aliis
1008 4529 1084 4591 sunt
1114 4522 1269 4601 traditae,
1299 4521 1356 4584 sed
1378 4516 1419 4584 ab
