<?xml version="1.0" encoding="UTF-8"?>
<!DOCTYPE html PUBLIC "-//W3C//DTD XHTML 1.0 Transitional//EN"
    "http://www.w3.org/TR/xhtml1/DTD/xhtml1-transitional.dtd">
<html xmlns="http://www.w3.org/1999/xhtml" xml:lang="en" lang="en">
 <head>
  <title>
</title>
<meta http-equiv="Content-Type" content="text/html;charset=utf-8" />
  <meta name='ocr-system' content='tesseract 3.04.00' />
  <meta name='ocr-capabilities' content='ocr_page ocr_carea ocr_par ocr_line ocrx_word'/>
</head>
<body>
  <div class='ocr_page' id='page_1' title='image "./decodiceblandin00hoehgoog_0015.png"; bbox 0 0 3118 5060; ppageno 0'>
   <div class='ocr_carea' id='block_1_1' title="bbox 716 216 909 280">
    <p class='ocr_par' dir='ltr' id='par_1_1' title="bbox 716 216 909 280">
     <span class='ocr_line' id='line_1_1' title="bbox 716 216 909 280; baseline -0.01 -18"><span class='ocrx_word' id='word_1_1' title='bbox 716 216 909 280; x_wconf 78' lang='grc'>...8-</span> 
     </span>
    </p>
   </div>
   <div class='ocr_carea' id='block_1_2' title="bbox 214 384 1405 1890">
    <p class='ocr_par' dir='ltr' id='par_1_2' title="bbox 214 384 1405 1335">
     <span class='ocr_line' id='line_1_2' title="bbox 214 384 1405 468; baseline 0.002 -19"><span class='ocrx_word' id='word_1_2' title='bbox 214 385 256 449; x_wconf 76' lang='lat' dir='ltr'><strong>&#39;in</strong></span> <span class='ocrx_word' id='word_1_3' title='bbox 279 384 461 449; x_wconf 92' lang='lat' dir='ltr'><strong>omnibus</strong></span> <span class='ocrx_word' id='word_1_4' title='bbox 483 385 711 450; x_wconf 84' lang='lat' dir='ltr'><strong>codicibus</strong></span> <span class='ocrx_word' id='word_1_5' title='bbox 733 406 753 451; x_wconf 90' lang='lat' dir='ltr'><strong>a</strong></span> <span class='ocrx_word' id='word_1_6' title='bbox 775 405 810 452; x_wconf 88' lang='lat' dir='ltr'><strong>se</strong></span> <span class='ocrx_word' id='word_1_7' title='bbox 832 391 978 468; x_wconf 90' lang='lat' dir='ltr'><strong>repertas</strong></span> <span class='ocrx_word' id='word_1_8' title='bbox 1000 403 1070 450; x_wconf 89' lang='lat' dir='ltr'><strong>esse</strong></span> <span class='ocrx_word' id='word_1_9' title='bbox 1093 385 1265 467; x_wconf 87' lang='lat' dir='ltr'><strong>profitetur</strong></span> <span class='ocrx_word' id='word_1_10' title='bbox 1287 387 1405 454; x_wconf 89' lang='lat' dir='ltr'><strong>ducen-</strong></span> 
     </span>
     <span class='ocr_line' id='line_1_3' title="bbox 223 495 1405 579; baseline -0.001 -18"><span class='ocrx_word' id='word_1_11' title='bbox 223 503 276 562; x_wconf 89' lang='lat' dir='ltr'><strong>tas</strong></span> <span class='ocrx_word' id='word_1_12' title='bbox 298 495 366 561; x_wconf 86' lang='lat' dir='ltr'><strong>fere</strong></span> <span class='ocrx_word' id='word_1_13' title='bbox 388 501 421 560; x_wconf 90' lang='lat' dir='ltr'><strong>et</strong></span> <span class='ocrx_word' id='word_1_14' title='bbox 437 497 627 579; x_wconf 83' lang='lat' dir='ltr'><strong>nonaginta3</strong></span> <span class='ocrx_word' id='word_1_15' title='bbox 650 497 683 560; x_wconf 92' lang='lat' dir='ltr'><strong>in</strong></span> <span class='ocrx_word' id='word_1_16' title='bbox 706 497 895 563; x_wconf 92' lang='lat' dir='ltr'><strong>omnibus</strong></span> <span class='ocrx_word' id='word_1_17' title='bbox 918 497 969 564; x_wconf 86' lang='lat' dir='ltr'><strong>vel</strong></span> <span class='ocrx_word' id='word_1_18' title='bbox 991 497 1024 561; x_wconf 93' lang='lat' dir='ltr'><strong>in</strong></span> <span class='ocrx_word' id='word_1_19' title='bbox 1046 501 1256 577; x_wconf 88' lang='lat' dir='ltr'><strong>quattuor</strong></span> <span class='ocrx_word' id='word_1_20' title='bbox 1278 497 1405 562; x_wconf 90' lang='lat' dir='ltr'><strong>Blan-</strong></span> 
     </span>
     <span class='ocr_line' id='line_1_4' title="bbox 224 607 1404 689; baseline 0.001 -19"><span class='ocrx_word' id='word_1_21' title='bbox 224 607 356 672; x_wconf 91' lang='lat' dir='ltr'><strong>diniis</strong></span> <span class='ocrx_word' id='word_1_22' title='bbox 387 607 494 688; x_wconf 90' lang='lat' dir='ltr'><strong>plures</strong></span> <span class='ocrx_word' id='word_1_23' title='bbox 516 625 612 687; x_wconf 87' lang='lat' dir='ltr'><strong>quam</strong></span> <span class='ocrx_word' id='word_1_24' title='bbox 635 612 760 672; x_wconf 87' lang='lat' dir='ltr'><strong>eentum</strong></span> <span class='ocrx_word' id='word_1_25' title='bbox 790 615 824 672; x_wconf 90' lang='lat' dir='ltr'><strong>et</strong></span> <span class='ocrx_word' id='word_1_26' title='bbox 845 609 1030 689; x_wconf 80' lang='lat' dir='ltr'>sexaginta,</span> <span class='ocrx_word' id='word_1_27' title='bbox 1060 608 1092 671; x_wconf 93' lang='lat' dir='ltr'><strong>in</strong></span> <span class='ocrx_word' id='word_1_28' title='bbox 1114 607 1257 672; x_wconf 90' lang='lat' dir='ltr'><strong>tribus</strong></span> <span class='ocrx_word' id='word_1_29' title='bbox 1278 607 1404 672; x_wconf 87' lang='lat' dir='ltr'><strong>Blan-</strong></span> 
     </span>
     <span class='ocr_line' id='line_1_5' title="bbox 224 717 1403 800; baseline 0 -20"><span class='ocrx_word' id='word_1_30' title='bbox 224 717 358 782; x_wconf 88' lang='lat' dir='ltr'><strong>diniis</strong></span> <span class='ocrx_word' id='word_1_31' title='bbox 389 717 623 799; x_wconf 81' lang='lat' dir='ltr'><strong>quinquaginta</strong></span> <span class='ocrx_word' id='word_1_32' title='bbox 652 723 822 798; x_wconf 89' lang='lat' dir='ltr'><strong>quattuor;</strong></span> <span class='ocrx_word' id='word_1_33' title='bbox 858 719 968 800; x_wconf 89' lang='lat' dir='ltr'><strong>plures</strong></span> <span class='ocrx_word' id='word_1_34' title='bbox 999 737 1094 800; x_wconf 86' lang='lat' dir='ltr'><strong>quam</strong></span> <span class='ocrx_word' id='word_1_35' title='bbox 1127 717 1343 800; x_wconf 88' lang='lat' dir='ltr'><strong>quadraginta</strong></span> <span class='ocrx_word' id='word_1_36' title='bbox 1371 717 1403 781; x_wconf 94' lang='lat' dir='ltr'><strong>in</strong></span> 
     </span>
     <span class='ocr_line' id='line_1_6' title="bbox 223 827 1403 908; baseline 0.003 -17"><span class='ocrx_word' id='word_1_37' title='bbox 223 827 399 907; x_wconf 89' lang='lat' dir='ltr'><strong>duobus;</strong></span> <span class='ocrx_word' id='word_1_38' title='bbox 421 829 585 908; x_wconf 86' lang='lat' dir='ltr'><strong>octoginta</strong></span> <span class='ocrx_word' id='word_1_39' title='bbox 599 827 666 893; x_wconf 87' lang='lat' dir='ltr'><strong>tere</strong></span> <span class='ocrx_word' id='word_1_40' title='bbox 680 829 713 893; x_wconf 92' lang='lat' dir='ltr'><strong>in</strong></span> <span class='ocrx_word' id='word_1_41' title='bbox 735 847 810 894; x_wconf 91' lang='lat' dir='ltr'><strong>uno</strong></span> <span class='ocrx_word' id='word_1_42' title='bbox 829 828 1067 894; x_wconf 89' lang='lat' dir='ltr'><strong>Blandinio.</strong></span> <span class='ocrx_word' id='word_1_43' title='bbox 1104 828 1277 894; x_wconf 85' lang='lat' dir='ltr'><strong>Praeterea</strong></span> <span class='ocrx_word' id='word_1_44' title='bbox 1293 830 1403 894; x_wconf 90' lang='lat' dir='ltr'><strong>decem</strong></span> 
     </span>
     <span class='ocr_line' id='line_1_7' title="bbox 223 938 1404 1020; baseline 0.003 -19"><span class='ocrx_word' id='word_1_45' title='bbox 223 938 365 1017; x_wconf 89' lang='lat' dir='ltr'><strong>tertii,</strong></span> <span class='ocrx_word' id='word_1_46' title='bbox 398 939 506 1003; x_wconf 89' lang='lat' dir='ltr'><strong>decem</strong></span> <span class='ocrx_word' id='word_1_47' title='bbox 529 939 672 1020; x_wconf 88' lang='lat' dir='ltr'><strong>quarti</strong></span> <span class='ocrx_word' id='word_1_48' title='bbox 694 939 812 1006; x_wconf 89' lang='lat' dir='ltr'><strong>codicis</strong></span> <span class='ocrx_word' id='word_1_49' title='bbox 834 939 995 1006; x_wconf 90' lang='lat' dir='ltr'><strong>Blandinii</strong></span> <span class='ocrx_word' id='word_1_50' title='bbox 1017 944 1244 1005; x_wconf 80' lang='lat' dir='ltr'><strong>commemorat</strong></span> <span class='ocrx_word' id='word_1_51' title='bbox 1265 941 1404 1019; x_wconf 89' lang='lat' dir='ltr'><strong>scriptu·</strong></span> 
     </span>
     <span class='ocr_line' id='line_1_8' title="bbox 225 1049 1403 1132; baseline 0 -20"><span class='ocrx_word' id='word_1_52' title='bbox 225 1067 295 1127; x_wconf 89' lang='lat' dir='ltr'><strong>ras;</strong></span> <span class='ocrx_word' id='word_1_53' title='bbox 318 1067 542 1129; x_wconf 88' lang='lat' dir='ltr'><strong>nonnunquam</strong></span> <span class='ocrx_word' id='word_1_54' title='bbox 558 1049 696 1131; x_wconf 84' lang='lat' dir='ltr'><strong>simplici</strong></span> <span class='ocrx_word' id='word_1_55' title='bbox 712 1050 899 1131; x_wconf 91' lang='lat' dir='ltr'><strong>compendio</strong></span> <span class='ocrx_word' id='word_1_56' title='bbox 921 1050 1046 1132; x_wconf 82' lang='lat' dir='ltr'><strong>,Bland</strong></span> <span class='ocrx_word' id='word_1_57' title='bbox 1061 1049 1192 1115; x_wconf 90' lang='lat' dir='ltr'><strong>habeut’</strong></span> <span class='ocrx_word' id='word_1_58' title='bbox 1209 1054 1266 1114; x_wconf 89' lang='lat' dir='ltr'><strong>aut</strong></span> <span class='ocrx_word' id='word_1_59' title='bbox 1281 1049 1403 1128; x_wconf 86' lang='lat' dir='ltr'><strong>,Bland</strong></span> 
     </span>
     <span class='ocr_line' id='line_1_9' title="bbox 223 1157 1401 1243; baseline 0 -19"><span class='ocrx_word' id='word_1_60' title='bbox 223 1157 333 1224; x_wconf 87' lang='lat' dir='ltr'><strong>habet’</strong></span> <span class='ocrx_word' id='word_1_61' title='bbox 356 1161 467 1225; x_wconf 89' lang='lat' dir='ltr'><strong>utitur.</strong></span> <span class='ocrx_word' id='word_1_62' title='bbox 511 1161 654 1243; x_wconf 89' lang='lat' dir='ltr'><strong>Denique</strong></span> <span class='ocrx_word' id='word_1_63' title='bbox 676 1166 829 1242; x_wconf 87' lang='lat' dir='ltr'><strong>quattuor</strong></span> <span class='ocrx_word' id='word_1_64' title='bbox 852 1161 1004 1226; x_wconf 86' lang='lat' dir='ltr'><strong>lectiones</strong></span> <span class='ocrx_word' id='word_1_65' title='bbox 1027 1162 1058 1226; x_wconf 95' lang='lat' dir='ltr'><strong>in</strong></span> <span class='ocrx_word' id='word_1_66' title='bbox 1075 1159 1221 1226; x_wconf 90' lang='lat' dir='ltr'><strong>omnibus</strong></span> <span class='ocrx_word' id='word_1_67' title='bbox 1242 1159 1328 1224; x_wconf 88' lang='lat' dir='ltr'><strong>fere</strong></span> <span class='ocrx_word' id='word_1_68' title='bbox 1350 1177 1401 1224; x_wconf 91' lang='lat' dir='ltr'><strong>eo·</strong></span> 
     </span>
     <span class='ocr_line' id='line_1_10' title="bbox 222 1269 579 1335; baseline 0.008 -3"><span class='ocrx_word' id='word_1_69' title='bbox 222 1269 348 1335; x_wconf 88' lang='lat' dir='ltr'><strong>dicibus</strong></span> <span class='ocrx_word' id='word_1_70' title='bbox 369 1270 469 1335; x_wconf 88' lang='lat' dir='ltr'><strong>fuisse</strong></span> <span class='ocrx_word' id='word_1_71' title='bbox 491 1271 579 1335; x_wconf 89' lang='lat' dir='ltr'><strong>dicit.</strong></span> 
     </span>
    </p>

    <p class='ocr_par' dir='ltr' id='par_1_3' title="bbox 221 1380 1403 1890">
     <span class='ocr_line' id='line_1_11' title="bbox 308 1380 1403 1464; baseline -0.001 -19"><span class='ocrx_word' id='word_1_72' title='bbox 308 1382 377 1445; x_wconf 88' lang='lat' dir='ltr'><strong>Iam</strong></span> <span class='ocrx_word' id='word_1_73' title='bbox 393 1399 476 1463; x_wconf 90' lang='lat' dir='ltr'><strong>quae</strong></span> <span class='ocrx_word' id='word_1_74' title='bbox 498 1382 530 1446; x_wconf 94' lang='lat' dir='ltr'><strong>in</strong></span> <span class='ocrx_word' id='word_1_75' title='bbox 554 1382 859 1464; x_wconf 89' lang='lat' dir='ltr'><strong>antiquissimo</strong></span> <span class='ocrx_word' id='word_1_76' title='bbox 880 1382 1059 1461; x_wconf 89' lang='lat' dir='ltr'><strong>Blandinio,</strong></span> <span class='ocrx_word' id='word_1_77' title='bbox 1082 1386 1139 1447; x_wconf 90' lang='lat' dir='ltr'><strong>aut</strong></span> <span class='ocrx_word' id='word_1_78' title='bbox 1161 1382 1192 1445; x_wconf 91' lang='lat' dir='ltr'><strong>in</strong></span> <span class='ocrx_word' id='word_1_79' title='bbox 1215 1380 1403 1446; x_wconf 91' lang='lat' dir='ltr'><strong>omnibus</strong></span> 
     </span>
     <span class='ocr_line' id='line_1_12' title="bbox 222 1491 1402 1574; baseline 0.002 -20"><span class='ocrx_word' id='word_1_80' title='bbox 222 1491 466 1570; x_wconf 90' lang='lat' dir='ltr'><strong>codicibus,</strong></span> <span class='ocrx_word' id='word_1_81' title='bbox 496 1499 553 1557; x_wconf 90' lang='lat' dir='ltr'><strong>aut</strong></span> <span class='ocrx_word' id='word_1_82' title='bbox 584 1492 616 1556; x_wconf 92' lang='lat' dir='ltr'><strong>in</strong></span> <span class='ocrx_word' id='word_1_83' title='bbox 646 1493 831 1558; x_wconf 89' lang='lat' dir='ltr'><strong>omnibus</strong></span> <span class='ocrx_word' id='word_1_84' title='bbox 860 1492 911 1556; x_wconf 84' lang='lat' dir='ltr'><strong>vel</strong></span> <span class='ocrx_word' id='word_1_85' title='bbox 934 1498 1132 1574; x_wconf 86' lang='lat' dir='ltr'><strong>quattuor</strong></span> <span class='ocrx_word' id='word_1_86' title='bbox 1155 1491 1402 1556; x_wconf 87' lang='lat' dir='ltr'><strong>Blandiniis</strong></span> 
     </span>
     <span class='ocr_line' id='line_1_13' title="bbox 224 1601 1403 1685; baseline -0.001 -18"><span class='ocrx_word' id='word_1_87' title='bbox 224 1601 382 1684; x_wconf 81' lang='lat' dir='ltr'><strong>Gruquius</strong></span> <span class='ocrx_word' id='word_1_88' title='bbox 410 1621 445 1666; x_wconf 92' lang='lat' dir='ltr'><strong>se</strong></span> <span class='ocrx_word' id='word_1_89' title='bbox 467 1603 582 1683; x_wconf 83' lang='lat' dir='ltr'><strong>legisse</strong></span> <span class='ocrx_word' id='word_1_90' title='bbox 604 1601 746 1668; x_wconf 84' lang='lat' dir='ltr'><strong>affirmat</strong></span> <span class='ocrx_word' id='word_1_91' title='bbox 768 1603 938 1685; x_wconf 88' lang='lat' dir='ltr'><strong>lectiones,</strong></span> <span class='ocrx_word' id='word_1_92' title='bbox 969 1605 1045 1685; x_wconf 91' lang='lat' dir='ltr'><strong>quin</strong></span> <span class='ocrx_word' id='word_1_93' title='bbox 1067 1607 1155 1668; x_wconf 86' lang='lat' dir='ltr'><strong>recte</strong></span> <span class='ocrx_word' id='word_1_94' title='bbox 1177 1601 1278 1668; x_wconf 89' lang='lat' dir='ltr'><strong>codici</strong></span> <span class='ocrx_word' id='word_1_95' title='bbox 1300 1603 1329 1668; x_wconf 87' lang='lat' dir='ltr'>V</span> <span class='ocrx_word' id='word_1_96' title='bbox 1351 1620 1403 1666; x_wconf 90' lang='lat' dir='ltr'><strong>as-</strong></span> 
     </span>
     <span class='ocr_line' id='line_1_14' title="bbox 221 1712 1402 1796; baseline 0 -21"><span class='ocrx_word' id='word_1_97' title='bbox 221 1712 395 1792; x_wconf 87' lang='lat' dir='ltr'><strong>signandae</strong></span> <span class='ocrx_word' id='word_1_98' title='bbox 425 1713 507 1793; x_wconf 91' lang='lat' dir='ltr'><strong>sint,</strong></span> <span class='ocrx_word' id='word_1_99' title='bbox 539 1732 630 1778; x_wconf 88' lang='lat' dir='ltr'><strong>nomo</strong></span> <span class='ocrx_word' id='word_1_100' title='bbox 658 1712 830 1780; x_wconf 85' lang='lat' dir='ltr'><strong>dubitabit.</strong></span> <span class='ocrx_word' id='word_1_101' title='bbox 874 1713 1028 1796; x_wconf 84' lang='lat' dir='ltr'><strong>Reliquae</strong></span> <span class='ocrx_word' id='word_1_102' title='bbox 1058 1719 1172 1780; x_wconf 88' lang='lat' dir='ltr'><strong>autern·</strong></span> <span class='ocrx_word' id='word_1_103' title='bbox 1197 1731 1305 1778; x_wconf 90' lang='lat' dir='ltr'><strong>omnes</strong></span> <span class='ocrx_word' id='word_1_104' title='bbox 1327 1719 1402 1778; x_wconf 91' lang='lat' dir='ltr'><strong>sunt</strong></span> 
     </span>
     <span class='ocr_line' id='line_1_15' title="bbox 221 1824 372 1890; baseline 0.007 -4"><span class='ocrx_word' id='word_1_105' title='bbox 221 1824 372 1890; x_wconf 69' lang='lat' dir='ltr'><strong>incanae.</strong></span> 
     </span>
    </p>
   </div>
   <div class='ocr_carea' id='block_1_3' title="bbox 777 1996 848 2078">
    <p class='ocr_par' dir='ltr' id='par_1_4' title="bbox 777 1996 848 2078">
     <span class='ocr_line' id='line_1_16' title="bbox 777 1996 848 2078; baseline 0 -18"><span class='ocrx_word' id='word_1_106' title='bbox 777 1996 848 2078; x_wconf 71' lang='lat' dir='ltr'><strong>aa</strong></span> 
     </span>
    </p>
   </div>
   <div class='ocr_carea' id='block_1_4' title="bbox 220 2157 1401 2461">
    <p class='ocr_par' dir='ltr' id='par_1_5' title="bbox 220 2157 1401 2461">
     <span class='ocr_line' id='line_1_17' title="bbox 306 2157 1399 2240; baseline 0.002 -18"><span class='ocrx_word' id='word_1_107' title='bbox 306 2157 474 2222; x_wconf 85' lang='lat' dir='ltr'><strong>Menesius</strong></span> <span class='ocrx_word' id='word_1_108' title='bbox 498 2158 553 2237; x_wconf 90' lang='lat' dir='ltr'><strong>(de</strong></span> <span class='ocrx_word' id='word_1_109' title='bbox 576 2158 695 2223; x_wconf 89' lang='lat' dir='ltr'><strong>codicis</strong></span> <span class='ocrx_word' id='word_1_110' title='bbox 719 2158 795 2222; x_wconf 90' lang='lat' dir='ltr'><strong>Hor.</strong></span> <span class='ocrx_word' id='word_1_111' title='bbox 818 2165 878 2224; x_wconf 88' lang='lat' dir='ltr'><strong>cto.</strong></span> <span class='ocrx_word' id='word_1_112' title='bbox 901 2179 931 2240; x_wconf 89' lang='lat' dir='ltr'><strong>p.</strong></span> <span class='ocrx_word' id='word_1_113' title='bbox 956 2157 1011 2240; x_wconf 81' lang='grc'><strong>60)</strong></span> <span class='ocrx_word' id='word_1_114' title='bbox 1034 2159 1246 2239; x_wconf 87' lang='lat' dir='ltr'><strong>praecedente</strong></span> <span class='ocrx_word' id='word_1_115' title='bbox 1268 2157 1399 2224; x_wconf 89' lang='lat' dir='ltr'><strong>Hirsch-</strong></span> 
     </span>
     <span class='ocr_line' id='line_1_18' title="bbox 221 2267 1401 2350; baseline 0.001 -19"><span class='ocrx_word' id='word_1_116' title='bbox 221 2267 343 2333; x_wconf 89' lang='lat' dir='ltr'><strong>feldero</strong></span> <span class='ocrx_word' id='word_1_117' title='bbox 366 2267 401 2350; x_wconf 85' lang='lat' dir='ltr'><strong>(l.</strong></span> <span class='ocrx_word' id='word_1_118' title='bbox 423 2268 444 2332; x_wconf 91' lang='lat' dir='ltr'><strong>l.</strong></span> <span class='ocrx_word' id='word_1_119' title='bbox 467 2289 498 2350; x_wconf 89' lang='lat' dir='ltr'><strong>p.</strong></span> <span class='ocrx_word' id='word_1_120' title='bbox 514 2268 570 2348; x_wconf 81' lang='lat'><strong>23)</strong></span> <span class='ocrx_word' id='word_1_121' title='bbox 593 2271 724 2350; x_wconf 85' lang='lat' dir='ltr'><strong>negavit</strong></span> <span class='ocrx_word' id='word_1_122' title='bbox 747 2269 922 2350; x_wconf 83' lang='lat' dir='ltr'><strong>Cruquium</strong></span> <span class='ocrx_word' id='word_1_123' title='bbox 945 2269 1010 2333; x_wconf 93' lang='lat' dir='ltr'><strong>ullo</strong></span> <span class='ocrx_word' id='word_1_124' title='bbox 1031 2267 1099 2334; x_wconf 88' lang='lat' dir='ltr'><strong>loeo</strong></span> <span class='ocrx_word' id='word_1_125' title='bbox 1121 2271 1220 2334; x_wconf 82' lang='lat' dir='ltr'><strong>unius</strong></span> <span class='ocrx_word' id='word_1_126' title='bbox 1241 2268 1401 2334; x_wconf 89' lang='lat' dir='ltr'><strong>Blandinii</strong></span> 
     </span>
     <span class='ocr_line' id='line_1_19' title="bbox 220 2378 1400 2461; baseline 0 -19"><span class='ocrx_word' id='word_1_127' title='bbox 220 2379 334 2443; x_wconf 82' lang='lat' dir='ltr'><strong>afferre</strong></span> <span class='ocrx_word' id='word_1_128' title='bbox 352 2380 558 2460; x_wconf 87' lang='lat' dir='ltr'><strong>scripturam,</strong></span> <span class='ocrx_word' id='word_1_129' title='bbox 573 2378 634 2443; x_wconf 92' lang='lat' dir='ltr'><strong>nisi</strong></span> <span class='ocrx_word' id='word_1_130' title='bbox 651 2385 735 2444; x_wconf 89' lang='lat' dir='ltr'><strong>esset</strong></span> <span class='ocrx_word' id='word_1_131' title='bbox 749 2379 999 2461; x_wconf 88' lang='lat' dir='ltr'><strong>antiquissimus.</strong></span> <span class='ocrx_word' id='word_1_132' title='bbox 1036 2378 1139 2455; x_wconf 87' lang='lat' dir='ltr'><strong>Quam</strong></span> <span class='ocrx_word' id='word_1_133' title='bbox 1154 2380 1195 2444; x_wconf 86' lang='lat' dir='ltr'><strong>ad</strong></span> <span class='ocrx_word' id='word_1_134' title='bbox 1210 2380 1400 2445; x_wconf 88' lang='lat' dir='ltr'><strong>sententiam</strong></span> 
     </span>
    </p>
   </div>
   <div class='ocr_carea' id='block_1_5' title="bbox 218 2487 1402 4454">
    <p class='ocr_par' dir='ltr' id='par_1_6' title="bbox 220 2487 1402 3108">
     <span class='ocr_line' id='line_1_20' title="bbox 221 2487 1400 2572; baseline 0.001 -19"><span class='ocrx_word' id='word_1_135' title='bbox 221 2487 468 2554; x_wconf 88' lang='lat' dir='ltr'><strong>confirmandam</strong></span> <span class='ocrx_word' id='word_1_136' title='bbox 494 2508 533 2552; x_wconf 91' lang='lat' dir='ltr'><strong>ne</strong></span> <span class='ocrx_word' id='word_1_137' title='bbox 555 2507 653 2553; x_wconf 91' lang='lat' dir='ltr'><strong>unum</strong></span> <span class='ocrx_word' id='word_1_138' title='bbox 677 2490 805 2570; x_wconf 90' lang='lat' dir='ltr'><strong>quidem</strong></span> <span class='ocrx_word' id='word_1_139' title='bbox 829 2495 1051 2571; x_wconf 82' lang='lat' dir='ltr'><strong>argumentum</strong></span> <span class='ocrx_word' id='word_1_140' title='bbox 1074 2490 1219 2570; x_wconf 90' lang='lat' dir='ltr'><strong>protulit,</strong></span> <span class='ocrx_word' id='word_1_141' title='bbox 1240 2491 1297 2556; x_wconf 91' lang='lat' dir='ltr'><strong>sed</strong></span> <span class='ocrx_word' id='word_1_142' title='bbox 1319 2508 1400 2572; x_wconf 86' lang='lat' dir='ltr'><strong>quae</strong></span> 
     </span>
     <span class='ocr_line' id='line_1_21' title="bbox 220 2599 1402 2682; baseline 0 -19"><span class='ocrx_word' id='word_1_143' title='bbox 220 2599 296 2665; x_wconf 90' lang='lat' dir='ltr'><strong>huic</strong></span> <span class='ocrx_word' id='word_1_144' title='bbox 323 2600 370 2664; x_wconf 91' lang='lat' dir='ltr'><strong>rei</strong></span> <span class='ocrx_word' id='word_1_145' title='bbox 392 2600 522 2665; x_wconf 83' lang='lat' dir='ltr'><strong>obstare</strong></span> <span class='ocrx_word' id='word_1_146' title='bbox 545 2600 730 2666; x_wconf 89' lang='lat' dir='ltr'><strong>viderentur</strong></span> <span class='ocrx_word' id='word_1_147' title='bbox 758 2620 818 2665; x_wconf 95' lang='lat' dir='ltr'><strong>non</strong></span> <span class='ocrx_word' id='word_1_148' title='bbox 850 2606 917 2665; x_wconf 90' lang='lat' dir='ltr'><strong>tam</strong></span> <span class='ocrx_word' id='word_1_149' title='bbox 948 2600 1060 2682; x_wconf 84' lang='lat' dir='ltr'><strong>grauia</strong></span> <span class='ocrx_word' id='word_1_150' title='bbox 1091 2618 1161 2666; x_wconf 87' lang='lat' dir='ltr'><strong>esse</strong></span> <span class='ocrx_word' id='word_1_151' title='bbox 1189 2602 1332 2681; x_wconf 87' lang='lat' dir='ltr'><strong>putavit,</strong></span> <span class='ocrx_word' id='word_1_152' title='bbox 1366 2605 1402 2664; x_wconf 90' lang='lat' dir='ltr'><strong>ut</strong></span> 
     </span>
     <span class='ocr_line' id='line_1_22' title="bbox 221 2709 1401 2791; baseline -0.002 -16"><span class='ocrx_word' id='word_1_153' title='bbox 221 2729 311 2775; x_wconf 85' lang='lat' dir='ltr'><strong>suam</strong></span> <span class='ocrx_word' id='word_1_154' title='bbox 337 2710 526 2776; x_wconf 90' lang='lat' dir='ltr'><strong>sententiam</strong></span> <span class='ocrx_word' id='word_1_155' title='bbox 549 2710 723 2776; x_wconf 90' lang='lat' dir='ltr'><strong>redderent</strong></span> <span class='ocrx_word' id='word_1_156' title='bbox 740 2710 992 2791; x_wconf 89' lang='lat' dir='ltr'><strong>improbabilem.</strong></span> <span class='ocrx_word' id='word_1_157' title='bbox 1038 2712 1110 2790; x_wconf 85' lang='lat' dir='ltr'><strong>Qua</strong></span> <span class='ocrx_word' id='word_1_158' title='bbox 1132 2712 1165 2777; x_wconf 92' lang='lat' dir='ltr'><strong>in</strong></span> <span class='ocrx_word' id='word_1_159' title='bbox 1187 2731 1221 2778; x_wconf 92' lang='lat' dir='ltr'><strong>re</strong></span> <span class='ocrx_word' id='word_1_160' title='bbox 1245 2730 1316 2776; x_wconf 90' lang='lat' dir='ltr'><strong>cum</strong></span> <span class='ocrx_word' id='word_1_161' title='bbox 1339 2709 1401 2778; x_wconf 92' lang='lat' dir='ltr'><strong>illis</strong></span> 
     </span>
     <span class='ocr_line' id='line_1_23' title="bbox 221 2821 1400 2904; baseline -0.002 -18"><span class='ocrx_word' id='word_1_162' title='bbox 221 2821 299 2886; x_wconf 86' lang='lat' dir='ltr'><strong>viris</strong></span> <span class='ocrx_word' id='word_1_163' title='bbox 323 2821 427 2886; x_wconf 89' lang='lat' dir='ltr'><strong>doctis</strong></span> <span class='ocrx_word' id='word_1_164' title='bbox 449 2821 554 2886; x_wconf 87' lang='lat' dir='ltr'><strong>facere</strong></span> <span class='ocrx_word' id='word_1_165' title='bbox 577 2840 637 2886; x_wconf 93' lang='lat' dir='ltr'><strong>non</strong></span> <span class='ocrx_word' id='word_1_166' title='bbox 653 2839 792 2902; x_wconf 89' lang='lat' dir='ltr'><strong>possum,</strong></span> <span class='ocrx_word' id='word_1_167' title='bbox 815 2823 873 2887; x_wconf 91' lang='lat' dir='ltr'><strong>sed</strong></span> <span class='ocrx_word' id='word_1_168' title='bbox 896 2839 978 2902; x_wconf 88' lang='lat' dir='ltr'><strong>quae</strong></span> <span class='ocrx_word' id='word_1_169' title='bbox 999 2822 1054 2886; x_wconf 88' lang='lat' dir='ltr'><strong>isti</strong></span> <span class='ocrx_word' id='word_1_170' title='bbox 1077 2823 1216 2904; x_wconf 89' lang='lat' dir='ltr'><strong>opinioni</strong></span> <span class='ocrx_word' id='word_1_171' title='bbox 1240 2821 1326 2885; x_wconf 89' lang='lat' dir='ltr'><strong>nulla</strong></span> <span class='ocrx_word' id='word_1_172' title='bbox 1349 2841 1400 2884; x_wconf 90' lang='lat' dir='ltr'><strong>ra-</strong></span> 
     </span>
     <span class='ocr_line' id='line_1_24' title="bbox 221 2930 1399 3013; baseline -0.003 -15"><span class='ocrx_word' id='word_1_173' title='bbox 221 2933 310 2998; x_wconf 83' lang='lat' dir='ltr'><strong>tione</strong></span> <span class='ocrx_word' id='word_1_174' title='bbox 332 2931 496 2997; x_wconf 79' lang='lat' dir='ltr'><strong>stabilitae</strong></span> <span class='ocrx_word' id='word_1_175' title='bbox 518 2930 739 3010; x_wconf 87' lang='lat' dir='ltr'><strong>obluctantur,</strong></span> <span class='ocrx_word' id='word_1_176' title='bbox 769 2933 849 2996; x_wconf 88' lang='lat' dir='ltr'><strong>satis</strong></span> <span class='ocrx_word' id='word_1_177' title='bbox 878 2933 990 3013; x_wconf 87' lang='lat' dir='ltr'><strong>gravia</strong></span> <span class='ocrx_word' id='word_1_178' title='bbox 1020 2935 1118 3013; x_wconf 89' lang='lat' dir='ltr'><strong>duco,</strong></span> <span class='ocrx_word' id='word_1_179' title='bbox 1149 2936 1185 2996; x_wconf 90' lang='lat' dir='ltr'><strong>ut</strong></span> <span class='ocrx_word' id='word_1_180' title='bbox 1213 2951 1280 2996; x_wconf 89' lang='lat' dir='ltr'><strong>eam</strong></span> <span class='ocrx_word' id='word_1_181' title='bbox 1310 2949 1399 3012; x_wconf 91' lang='lat' dir='ltr'><strong>pror-</strong></span> 
     </span>
     <span class='ocr_line' id='line_1_25' title="bbox 221 3042 435 3108; baseline -0.014 0"><span class='ocrx_word' id='word_1_182' title='bbox 221 3061 277 3108; x_wconf 92' lang='lat' dir='ltr'><strong>sus</strong></span> <span class='ocrx_word' id='word_1_183' title='bbox 301 3042 435 3107; x_wconf 88' lang='lat' dir='ltr'><strong>diluant.</strong></span> 
     </span>
    </p>

    <p class='ocr_par' dir='ltr' id='par_1_7' title="bbox 218 3153 1399 4454">
     <span class='ocr_line' id='line_1_26' title="bbox 306 3153 1398 3235; baseline -0.002 -17"><span class='ocrx_word' id='word_1_184' title='bbox 306 3155 353 3219; x_wconf 84' lang='lat' dir='ltr'><strong>Ac</strong></span> <span class='ocrx_word' id='word_1_185' title='bbox 384 3155 412 3219; x_wconf 91' lang='lat' dir='ltr'><strong>si</strong></span> <span class='ocrx_word' id='word_1_186' title='bbox 441 3154 597 3235; x_wconf 87' lang='lat' dir='ltr'><strong>quomodo</strong></span> <span class='ocrx_word' id='word_1_187' title='bbox 620 3153 778 3234; x_wconf 77' lang='lat' dir='ltr'><strong>cruquius</strong></span> <span class='ocrx_word' id='word_1_188' title='bbox 809 3154 878 3234; x_wconf 91' lang='lat' dir='ltr'><strong>ipse</strong></span> <span class='ocrx_word' id='word_1_189' title='bbox 905 3156 946 3219; x_wconf 93' lang='lat' dir='ltr'><strong>de</strong></span> <span class='ocrx_word' id='word_1_190' title='bbox 975 3153 1162 3222; x_wconf 88' lang='lat' dir='ltr'><strong>lectionibus</strong></span> <span class='ocrx_word' id='word_1_191' title='bbox 1183 3155 1282 3220; x_wconf 78' lang='lat' dir='ltr'><strong>uatus</strong></span> <span class='ocrx_word' id='word_1_192' title='bbox 1303 3153 1398 3218; x_wconf 88' lang='lat' dir='ltr'><strong>Blan-</strong></span> 
     </span>
     <span class='ocr_line' id='line_1_27' title="bbox 224 3256 1397 3348; baseline -0.002 -19"><span class='ocrx_word' id='word_1_193' title='bbox 224 3265 304 3330; x_wconf 91' lang='lat' dir='ltr'><strong>dinii</strong></span> <span class='ocrx_word' id='word_1_194' title='bbox 325 3264 516 3342; x_wconf 86' lang='lat' dir='ltr'><strong>iudicasset,</strong></span> <span class='ocrx_word' id='word_1_195' title='bbox 545 3282 671 3345; x_wconf 86' lang='lat' dir='ltr'><strong>semper</strong></span> <span class='ocrx_word' id='word_1_196' title='bbox 693 3264 861 3348; x_wconf 86' lang='lat' dir='ltr'><strong>sciremus,</strong></span> <span class='ocrx_word' id='word_1_197' title='bbox 894 3267 968 3331; x_wconf 91' lang='lat' dir='ltr'><strong>inde</strong></span> <span class='ocrx_word' id='word_1_198' title='bbox 989 3265 1126 3330; x_wconf 87' lang='lat' dir='ltr'><strong>fortasse</strong></span> <span class='ocrx_word' id='word_1_199' title='bbox 1148 3256 1397 3331; x_wconf 90' lang='lat' dir='ltr'><strong>concludendum</strong></span> 
     </span>
     <span class='ocr_line' id='line_1_28' title="bbox 223 3372 1399 3457; baseline -0.003 -17"><span class='ocrx_word' id='word_1_200' title='bbox 223 3382 325 3456; x_wconf 89' lang='lat' dir='ltr'><strong>esset,</strong></span> <span class='ocrx_word' id='word_1_201' title='bbox 356 3380 464 3440; x_wconf 91' lang='lat' dir='ltr'><strong>utrum</strong></span> <span class='ocrx_word' id='word_1_202' title='bbox 497 3374 597 3440; x_wconf 86' lang='lat' dir='ltr'><strong>codici</strong></span> <span class='ocrx_word' id='word_1_203' title='bbox 619 3375 664 3456; x_wconf 87' lang='lat' dir='ltr'><strong>V,</strong></span> <span class='ocrx_word' id='word_1_204' title='bbox 694 3393 788 3457; x_wconf 89' lang='lat' dir='ltr'><strong>quem</strong></span> <span class='ocrx_word' id='word_1_205' title='bbox 810 3379 976 3442; x_wconf 84' lang='lat' dir='ltr'><strong>vetustate</strong></span> <span class='ocrx_word' id='word_1_206' title='bbox 997 3381 1095 3455; x_wconf 90' lang='lat' dir='ltr'><strong>atque</strong></span> <span class='ocrx_word' id='word_1_207' title='bbox 1117 3375 1304 3454; x_wconf 86' lang='lat' dir='ltr'><strong>integritate</strong></span> <span class='ocrx_word' id='word_1_208' title='bbox 1326 3372 1399 3438; x_wconf 86' lang='lat' dir='ltr'><strong>aliis</strong></span> 
     </span>
     <span class='ocr_line' id='line_1_29' title="bbox 220 3484 1397 3566; baseline 0 -18"><span class='ocrx_word' id='word_1_209' title='bbox 220 3486 325 3550; x_wconf 91' lang='lat' dir='ltr'><strong>tribus</strong></span> <span class='ocrx_word' id='word_1_210' title='bbox 350 3484 528 3550; x_wconf 90' lang='lat' dir='ltr'><strong>Blandiniis</strong></span> <span class='ocrx_word' id='word_1_211' title='bbox 550 3484 651 3550; x_wconf 91' lang='lat' dir='ltr'><strong>multo</strong></span> <span class='ocrx_word' id='word_1_212' title='bbox 674 3487 866 3566; x_wconf 84' lang='lat' dir='ltr'><strong>praecellere</strong></span> <span class='ocrx_word' id='word_1_213' title='bbox 889 3485 1036 3563; x_wconf 87' lang='lat' dir='ltr'><strong>credidit,</strong></span> <span class='ocrx_word' id='word_1_214' title='bbox 1057 3489 1165 3550; x_wconf 88' lang='lat' dir='ltr'><strong>essent</strong></span> <span class='ocrx_word' id='word_1_215' title='bbox 1187 3485 1397 3564; x_wconf 84' lang='lat' dir='ltr'><strong>assignandae</strong></span> 
     </span>
     <span class='ocr_line' id='line_1_30' title="bbox 221 3595 1396 3678; baseline 0 -18"><span class='ocrx_word' id='word_1_216' title='bbox 221 3614 327 3661; x_wconf 90' lang='lat' dir='ltr'><strong>necne.</strong></span> <span class='ocrx_word' id='word_1_217' title='bbox 372 3595 433 3661; x_wconf 87' lang='lat' dir='ltr'><strong>Sed</strong></span> <span class='ocrx_word' id='word_1_218' title='bbox 458 3600 587 3677; x_wconf 84' lang='lat' dir='ltr'><strong>praeter</strong></span> <span class='ocrx_word' id='word_1_219' title='bbox 603 3615 723 3677; x_wconf 90' lang='lat' dir='ltr'><strong>paucos</strong></span> <span class='ocrx_word' id='word_1_220' title='bbox 745 3598 817 3663; x_wconf 89' lang='lat' dir='ltr'><strong>illos</strong></span> <span class='ocrx_word' id='word_1_221' title='bbox 838 3598 933 3678; x_wconf 89' lang='lat' dir='ltr'><strong>locos,</strong></span> <span class='ocrx_word' id='word_1_222' title='bbox 955 3597 1010 3661; x_wconf 92' lang='lat' dir='ltr'><strong>ubi</strong></span> <span class='ocrx_word' id='word_1_223' title='bbox 1033 3595 1162 3660; x_wconf 87' lang='lat' dir='ltr'><strong>disertis</strong></span> <span class='ocrx_word' id='word_1_224' title='bbox 1184 3595 1290 3660; x_wconf 84' lang='lat' dir='ltr'><strong>verbis</strong></span> <span class='ocrx_word' id='word_1_225' title='bbox 1312 3595 1396 3660; x_wconf 89' lang='lat' dir='ltr'><strong>eius·</strong></span> 
     </span>
     <span class='ocr_line' id='line_1_31' title="bbox 218 3706 1396 3788; baseline 0.001 -18"><span class='ocrx_word' id='word_1_226' title='bbox 218 3706 306 3770; x_wconf 93' lang='lat' dir='ltr'><strong>modi</strong></span> <span class='ocrx_word' id='word_1_227' title='bbox 335 3706 487 3772; x_wconf 85' lang='lat' dir='ltr'><strong>lectiones</strong></span> <span class='ocrx_word' id='word_1_228' title='bbox 517 3712 574 3770; x_wconf 90' lang='lat' dir='ltr'><strong>aut</strong></span> <span class='ocrx_word' id='word_1_229' title='bbox 604 3708 755 3788; x_wconf 80' lang='lat' dir='ltr'><strong>probauit</strong></span> <span class='ocrx_word' id='word_1_230' title='bbox 777 3714 834 3774; x_wconf 88' lang='lat' dir='ltr'><strong>aut</strong></span> <span class='ocrx_word' id='word_1_231' title='bbox 855 3707 982 3785; x_wconf 90' lang='lat' dir='ltr'><strong>reiecit,</strong></span> <span class='ocrx_word' id='word_1_232' title='bbox 1014 3724 1140 3786; x_wconf 90' lang='lat' dir='ltr'><strong>semper</strong></span> <span class='ocrx_word' id='word_1_233' title='bbox 1162 3706 1255 3771; x_wconf 93' lang='lat' dir='ltr'><strong>nimis</strong></span> <span class='ocrx_word' id='word_1_234' title='bbox 1279 3707 1396 3771; x_wconf 91' lang='lat' dir='ltr'><strong>incerte</strong></span> 
     </span>
     <span class='ocr_line' id='line_1_32' title="bbox 219 3817 1395 3900; baseline -0.002 -18"><span class='ocrx_word' id='word_1_235' title='bbox 219 3817 297 3900; x_wconf 92' lang='lat' dir='ltr'><strong>quid</strong></span> <span class='ocrx_word' id='word_1_236' title='bbox 327 3818 395 3896; x_wconf 91' lang='lat' dir='ltr'><strong>ipse</strong></span> <span class='ocrx_word' id='word_1_237' title='bbox 426 3817 466 3881; x_wconf 91' lang='lat' dir='ltr'><strong>de</strong></span> <span class='ocrx_word' id='word_1_238' title='bbox 497 3817 665 3899; x_wconf 89' lang='lat' dir='ltr'><strong>scripturis</strong></span> <span class='ocrx_word' id='word_1_239' title='bbox 686 3820 836 3900; x_wconf 87' lang='lat' dir='ltr'><strong>sentiret,</strong></span> <span class='ocrx_word' id='word_1_240' title='bbox 868 3818 1024 3899; x_wconf 87' lang='lat' dir='ltr'><strong>exposuit.</strong></span> <span class='ocrx_word' id='word_1_241' title='bbox 1068 3817 1137 3882; x_wconf 85' lang='lat' dir='ltr'><strong>Iam</strong></span> <span class='ocrx_word' id='word_1_242' title='bbox 1167 3833 1238 3881; x_wconf 88' lang='lat' dir='ltr'><strong>eum</strong></span> <span class='ocrx_word' id='word_1_243' title='bbox 1268 3837 1306 3883; x_wconf 87' lang='lat' dir='ltr'><strong>ex</strong></span> <span class='ocrx_word' id='word_1_244' title='bbox 1327 3819 1395 3898; x_wconf 92' lang='lat' dir='ltr'><strong>ipso</strong></span> 
     </span>
     <span class='ocr_line' id='line_1_33' title="bbox 219 3927 1395 4010; baseline 0.001 -21"><span class='ocrx_word' id='word_1_245' title='bbox 219 3945 370 3992; x_wconf 87' lang='lat' dir='ltr'><strong>versuum</strong></span> <span class='ocrx_word' id='word_1_246' title='bbox 400 3931 549 3992; x_wconf 85' lang='lat' dir='ltr'><strong>contextu</strong></span> <span class='ocrx_word' id='word_1_247' title='bbox 578 3930 619 3994; x_wconf 91' lang='lat' dir='ltr'><strong>de</strong></span> <span class='ocrx_word' id='word_1_248' title='bbox 649 3929 781 4010; x_wconf 81' lang='lat' dir='ltr'><strong>Oruquii</strong></span> <span class='ocrx_word' id='word_1_249' title='bbox 811 3928 928 3993; x_wconf 89' lang='lat' dir='ltr'><strong>iudicio</strong></span> <span class='ocrx_word' id='word_1_250' title='bbox 957 3928 1130 4010; x_wconf 86' lang='lat' dir='ltr'><strong>quidquam</strong></span> <span class='ocrx_word' id='word_1_251' title='bbox 1160 3927 1306 3992; x_wconf 88' lang='lat' dir='ltr'><strong>concludi</strong></span> <span class='ocrx_word' id='word_1_252' title='bbox 1337 3945 1395 3990; x_wconf 93' lang='lat' dir='ltr'><strong>non</strong></span> 
     </span>
     <span class='ocr_line' id='line_1_34' title="bbox 219 4036 1394 4121; baseline -0.002 -16"><span class='ocrx_word' id='word_1_253' title='bbox 219 4037 339 4119; x_wconf 90' lang='lat' dir='ltr'><strong>possit,</strong></span> <span class='ocrx_word' id='word_1_254' title='bbox 370 4039 481 4104; x_wconf 88' lang='lat' dir='ltr'><strong>reiecti</strong></span> <span class='ocrx_word' id='word_1_255' title='bbox 510 4057 620 4106; x_wconf 93' lang='lat' dir='ltr'><strong>sumus</strong></span> <span class='ocrx_word' id='word_1_256' title='bbox 651 4042 693 4107; x_wconf 92' lang='lat' dir='ltr'><strong>ad</strong></span> <span class='ocrx_word' id='word_1_257' title='bbox 723 4046 876 4121; x_wconf 87' lang='lat' dir='ltr'><strong>quattuor</strong></span> <span class='ocrx_word' id='word_1_258' title='bbox 906 4039 1080 4105; x_wconf 90' lang='lat' dir='ltr'><strong>carminum</strong></span> <span class='ocrx_word' id='word_1_259' title='bbox 1103 4036 1210 4102; x_wconf 91' lang='lat' dir='ltr'><strong>libros.</strong></span> <span class='ocrx_word' id='word_1_260' title='bbox 1255 4036 1394 4113; x_wconf 85' lang='lat' dir='ltr'><strong>Quorum</strong></span> 
     </span>
     <span class='ocr_line' id='line_1_35' title="bbox 222 4147 1397 4230; baseline -0.002 -18"><span class='ocrx_word' id='word_1_261' title='bbox 222 4149 253 4212; x_wconf 94' lang='lat' dir='ltr'><strong>in</strong></span> <span class='ocrx_word' id='word_1_262' title='bbox 276 4151 367 4214; x_wconf 84' lang='lat' dir='ltr'><strong>textu</strong></span> <span class='ocrx_word' id='word_1_263' title='bbox 389 4166 459 4213; x_wconf 90' lang='lat' dir='ltr'><strong>curn</strong></span> <span class='ocrx_word' id='word_1_264' title='bbox 482 4151 560 4230; x_wconf 89' lang='lat' dir='ltr'><strong>quid</strong></span> <span class='ocrx_word' id='word_1_265' title='bbox 575 4157 735 4218; x_wconf 90' lang='lat' dir='ltr'><strong>mutatum</strong></span> <span class='ocrx_word' id='word_1_266' title='bbox 751 4151 857 4228; x_wconf 86' lang='lat' dir='ltr'><strong>vellet,</strong></span> <span class='ocrx_word' id='word_1_267' title='bbox 879 4147 1220 4228; x_wconf 79' lang='lat' dir='ltr'><strong>ineditionea.1578,</strong></span> <span class='ocrx_word' id='word_1_268' title='bbox 1242 4159 1279 4212; x_wconf 92' lang='lat' dir='ltr'><strong>nt</strong></span> <span class='ocrx_word' id='word_1_269' title='bbox 1301 4167 1397 4230; x_wconf 86' lang='lat' dir='ltr'><strong>supra</strong></span> 
     </span>
     <span class='ocr_line' id='line_1_36' title="bbox 220 4259 1395 4343; baseline 0 -21"><span class='ocrx_word' id='word_1_270' title='bbox 220 4259 482 4338; x_wconf 84' lang='lat' dir='ltr'><strong>memoravimus,</strong></span> <span class='ocrx_word' id='word_1_271' title='bbox 511 4262 753 4343; x_wconf 82' lang='lat' dir='ltr'><strong>conscripserit,</strong></span> <span class='ocrx_word' id='word_1_272' title='bbox 776 4261 848 4326; x_wconf 90' lang='lat' dir='ltr'><strong>aliis</strong></span> <span class='ocrx_word' id='word_1_273' title='bbox 871 4260 1017 4327; x_wconf 90' lang='lat' dir='ltr'><strong>omnibus</strong></span> <span class='ocrx_word' id='word_1_274' title='bbox 1039 4260 1134 4338; x_wconf 89' lang='lat' dir='ltr'><strong>locis,</strong></span> <span class='ocrx_word' id='word_1_275' title='bbox 1156 4261 1197 4326; x_wconf 94' lang='lat' dir='ltr'><strong>ad</strong></span> <span class='ocrx_word' id='word_1_276' title='bbox 1221 4277 1300 4340; x_wconf 91' lang='lat' dir='ltr'><strong>quos</strong></span> <span class='ocrx_word' id='word_1_277' title='bbox 1322 4278 1395 4338; x_wconf 91' lang='lat' dir='ltr'><strong>„no-</strong></span> 
     </span>
     <span class='ocr_line' id='line_1_37' title="bbox 220 4367 1394 4454; baseline 0.001 -21"><span class='ocrx_word' id='word_1_278' title='bbox 220 4367 310 4449; x_wconf 82' lang='lat' dir='ltr'><strong>vae”,</strong></span> <span class='ocrx_word' id='word_1_279' title='bbox 341 4386 421 4449; x_wconf 87' lang='lat' dir='ltr'><strong>quas</strong></span> <span class='ocrx_word' id='word_1_280' title='bbox 444 4376 555 4453; x_wconf 88' lang='lat' dir='ltr'><strong>vocat,</strong></span> <span class='ocrx_word' id='word_1_281' title='bbox 584 4372 735 4438; x_wconf 89' lang='lat' dir='ltr'><strong>lectiones</strong></span> <span class='ocrx_word' id='word_1_282' title='bbox 757 4391 818 4438; x_wconf 92' lang='lat' dir='ltr'><strong>non</strong></span> <span class='ocrx_word' id='word_1_283' title='bbox 841 4373 1051 4453; x_wconf 85' lang='lat' dir='ltr'><strong>adnotantur,</strong></span> <span class='ocrx_word' id='word_1_284' title='bbox 1081 4391 1163 4454; x_wconf 90' lang='lat' dir='ltr'><strong>quae</strong></span> <span class='ocrx_word' id='word_1_285' title='bbox 1192 4372 1224 4437; x_wconf 92' lang='lat' dir='ltr'><strong>in</strong></span> <span class='ocrx_word' id='word_1_286' title='bbox 1246 4375 1394 4438; x_wconf 79' lang='lat' dir='ltr'><strong>contextu</strong></span> 
     </span>
    </p>
   </div>
   <div class='ocr_carea' id='block_1_6' title="bbox 0 0 1564 5060">
    <p class='ocr_par' dir='ltr' id='par_1_8' title="bbox 0 0 1564 5060">
     <span class='ocr_line' id='line_1_38' title="bbox 0 0 1564 5060; baseline 0 1"><span class='ocrx_word' id='word_1_287' title='bbox 0 0 1564 5060; x_wconf 95' lang='lat' dir='ltr'><strong> </strong></span> 
     </span>
    </p>
   </div>
  </div>
 </body>
</html>
