3118 5060
707 256 920 321 -26..

225 425 307 490 wohl
328 428 386 492 der
416 425 617 491 accusativus
647 425 780 505 pluralis
808 426 894 492 sein‘.
940 426 1046 494 Codex
1075 426 1174 510 igitur
1206 423 1348 492 habebat
1369 426 1407 488 ut
1498 489 1501 496 ,

226 534 281 601 alii
298 536 442 618 plerique
465 535 645 613 ,sermonis’.
662 573 703 582 —
727 537 818 603 Alter
832 537 920 603 locus
936 545 986 604 est
1008 559 1056 620 ep.
1079 538 1104 616 1,
1131 537 1237 616 1234:
1261 535 1302 614 ,in
1324 536 1408 610 anti-

227 646 323 729 quiss.
339 648 408 712 cod.
426 645 537 710 Bland.
553 651 762 728 syncopatum
778 648 896 730 legitur
911 650 991 714 d’est
1004 668 1075 716 cum
1098 646 1293 730 apostrophe
1309 665 1408 727 supra

225 759 244 820 d
268 757 430 822 litteram'.
478 755 560 821 Sane
575 757 746 822 verisimile
767 776 828 822 non
844 765 895 822 est
917 758 948 822 in
964 761 1071 825 codice
1086 760 1115 823 V
1130 758 1170 823 ab
1193 757 1284 822 initio
1306 757 1406 837 scrip·

225 875 292 932 tum
315 867 413 934 fnisse
436 869 681 949 apostrophum,
704 889 811 934 verum
837 889 875 936 ne
900 870 964 935 ulla
985 871 1114 952 quidem
1137 889 1171 934 re
1192 868 1407 950 prohibemur,

224 978 299 1060 quin
332 978 391 1044 hoc
422 979 546 1061 signum
572 979 787 1059 apostoriore
820 983 956 1064 quodam
991 999 1089 1062 prave
1122 980 1303 1061 appositum
1338 995 1407 1044 esse

225 1092 477 1169 statuamus²³).
521 1090 641 1156 Saltem
665 1091 724 1156 hoc
753 1110 811 1172 pro
841 1104 929 1158 certo
951 1113 968 1158 e
991 1091 1120 1173 Oruquii
1143 1086 1406 1156 adnotatiuncula

226 1198 436 1280 colligendum
453 1207 503 1267 est
519 1201 550 1266 in
567 1201 675 1268 codice
696 1203 724 1266 V
747 1222 808 1268 non
824 1200 922 1268 luisse
943 1202 1056 1268 falsam
1072 1202 1264 1283 scripturam
1287 1198 1407 1281 ,deest’,

225 1309 281 1374 sed
305 1329 414 1375 veram
436 1311 535 1391 ,dest’.
980 1390 983 1396 ¹

310 1422 424 1504 Itaque
452 1423 685 1490 demonstrasse
716 1424 792 1489 mibi
823 1425 932 1490 videor
963 1423 1041 1489 nihil
1072 1441 1158 1502 esse,
1188 1441 1244 1488 cur
1274 1421 1407 1503 Oruquii

227 1530 412 1612 diligentiae
433 1552 471 1599 ac
493 1533 623 1600 veritati
644 1533 739 1600 fidem
761 1554 821 1600 non
846 1535 1064 1617 adiungamus.
1088 1570 1127 1580 —

775 1734 846 1816 §a

308 1868 431 1948 Restat,
454 1875 490 1932 ut
505 1868 546 1933 de
568 1869 735 1950 perpaucis
751 1869 838 1949 locis,
859 1870 913 1950 qui
931 1867 1205 1949 interpretationis
1227 1866 1403 1948 indigeant,

222 1976 321 2041 verba
342 1976 466 2043 faciam.

226 2167 229 2172 ¹
307 2089 504 2169 Quamquam
521 2089 602 2155 enim
620 2092 778 2174 Oruquius
794 2092 826 2156 in
849 2089 1011 2156 codicibus
1026 2089 1103 2172 quid
1126 2089 1226 2170 priori
1241 2095 1298 2154 aut
1314 2088 1407 2154 alteri

224 2215 319 2261 manu
342 2199 529 2282 deberetur,
560 2202 690 2283 etquid
713 2203 850 2284 primum
875 2201 1030 2282 scriptum
1052 2207 1138 2266 esset
1159 2207 1217 2264 aut
1239 2200 1270 2264 in
1294 2217 1406 2264 rasura

222 2306 344 2390 fuisset,
368 2330 427 2375 oon
450 2330 576 2394 semper
598 2319 685 2379 recte
707 2314 875 2394 discrevit,
905 2319 1011 2378 tamen
1035 2310 1213 2393 ubicunque
1235 2312 1275 2374 de
1297 2309 1403 2376 verbis

224 2419 271 2484 vel
292 2419 410 2487 litteris
433 2425 601 2504 capooctt's
623 2424 775 2490 disseruit
797 2442 904 2492 veram
937 2422 1053 2487 codicis
1076 2421 1265 2502 scripturam
1289 2440 1402 2505 cogno·

220 2547 308 2595 scere
336 2550 513 2611 possumus.
557 2534 638 2598 Nam
668 2535 710 2599 ad
732 2544 792 2600 sat.
815 2536 849 2614 I,
873 2531 1173 2616 c,126(p.382‚a)
1202 2533 1281 2599 haec
1303 2534 1402 2598 adno-

220 2641 318 2705 tavit:
342 2646 458 2721 „codex
467 2644 580 2710 Bland.
597 2645 837 2728 antiquissimus
854 2645 950 2712 habet
965 2646 1057 2728 focio
1075 2666 1222 2728 campum
1237 2645 1402 2727 lusumque

222 2751 402 2834 luponem’t
425 2757 480 2820 sed
504 2749 670 2838 supposita
699 2763 775 2824 sunt
795 2764 916 2838 puncta
939 2755 1130 2839 vulgataque
1154 2756 1248 2822 lectio
1270 2763 1320 2820 est
1342 2756 1399 2818 ad-

224 2868 342 2928 notata.
391 2866 419 2930 E
448 2867 563 2948 quibus
593 2869 732 2935 codicem
755 2870 825 2934 Va
856 2868 956 2932 stulto
988 2875 1180 2947 correctore,
1212 2867 1301 2934 cuius
1328 2885 1400 2947 per-

221 2980 352 3040 venerat
373 2976 405 3040 in
430 2995 555 3059 manus,
588 2979 760 3045 secundum
790 2979 888 3044 alium
911 2979 1026 3045 librum
1049 2979 1096 3044 ita
1125 2979 1325 3044 emendatum
1349 2977 1398 3042 vel

220 3085 329 3163 potius
351 3085 563 3168 depravatum
585 3107 655 3156 esse
683 3096 835 3172 apparet,
858 3095 913 3168 ut,
935 3091 1020 3170 quod
1042 3089 1096 3154 ille
1117 3087 1232 3154 falsum
1254 3087 1400 3169 putabat,

220 3193 411 3278 subscriptis
444 3201 605 3281 punctulis
638 3201 834 3286 significaret
866 3202 1063 3282 alteramque
1100 3200 1265 3266 lectionem
1303 3218 1401 3280 supra

220 3310 354 3370 notaret.
408 3309 513 3386 Quare
545 3311 585 3376 ab
617 3313 708 3378 initio
729 3314 761 3378 in
796 3314 904 3380 codice
934 3311 1082 3378 exstabat
1110 3310 1269 3391 scriptura
1302 3310 1400 3391 ,fugio

220 3434 365 3496 campum
389 3419 556 3503 lusumque
578 3423 753 3505 trigonem'.
796 3423 969 3494 Praeterea
992 3423 1061 3503 ,huc
1083 3421 1244 3503 pertinent
1266 3420 1299 3485 hi
1322 3419 1398 3486 loci:

220 3545 245 3592 c.
268 3528 294 3606 I,
317 3529 429 3608 3530:
452 3531 628 3614 ‚liquidum'
650 3542 806 3614 expuncto
829 3554 866 3617 q,
888 3542 922 3598 ot
944 3540 1004 3600 sat.
1027 3534 1051 3614 I,
1074 3534 1164 3613 3,83:
1187 3537 1317 3614 ,quanto
1339 3531 1398 3594 hoc

218 3637 376 3703 furiosius’
390 3659 466 3707 voce
484 3643 744 3727 ,hoc’'expuncta,
767 3645 821 3710 ubi
837 3645 1000 3728 hucusque
1021 3644 1179 3709 immerito
1202 3641 1398 3724 aplarisque

219 3747 296 3812 viris
317 3751 420 3816 doctis
450 3755 551 3820 codici
578 3755 718 3820 tributae
748 3762 824 3821 sunt
856 3756 1006 3823 lectiones
1038 3754 1190 3836 ,liuidum'
1213 3758 1246 3819 et
1269 3757 1397 3834 ,quanto

217 3856 450 3947 furiosius‘²⁴).

304 3969 426 4038 Deinde
446 3979 512 4041 tres
533 3975 693 4056 lectiones
715 3995 794 4058 quas
810 3977 976 4044 Mewesius
997 3977 1113 4044 tribuit
1127 3973 1307 4054 Blandinio,
1324 3971 1397 4038 huic

219 4127 421 4136 --.—--.-·-——

304 4221 357 4298 23)
380 4221 465 4281 Idem
489 4229 590 4285 censet
612 4225 781 4299 Mewesius,
803 4228 824 4286 1.
847 4229 867 4286 1.
891 4249 920 4304 p.
948 4232 994 4286 18.

304 4322 357 4401 24)
380 4325 497 4386 Mecum
512 4327 586 4387 facit
601 4328 849 4403 Dillenburgerus
864 4329 896 4388 in
918 4329 992 4388 dier.
1015 4349 1117 4407 gymn.
1139 4329 1237 4388 Barol.
1261 4348 1286 4386 a.
1306 4328 1395 4398 1881,

217 4445 245 4500 p.
271 4429 341 4484 ane.
362 4459 404 4468 -
