3118 5060
694 258 906 324 ..12-

211 427 368 493 eiusmodi
390 427 476 494 locos
498 429 579 492 duos
600 428 632 493 in
655 431 806 508 secundo,
828 430 968 510 quinque
989 429 1022 493 in
1044 429 1156 506 tertio,
1185 428 1302 510 viginti
1324 433 1391 494 tres

210 541 243 604 in
265 545 380 621 quarto
401 539 492 605 libro.
537 539 660 618 Quibus
687 540 782 606 rebus
803 539 959 623 expositis
980 557 1052 604 curn
1083 540 1115 604 in
1138 544 1252 622 quarto
1274 540 1389 604 carmi·

210 668 285 714 num
309 650 390 716 libro
413 668 509 716 unum
526 651 729 717 Blandirrium
752 650 851 716 fuisse
873 652 1047 718 laceratum
1071 670 1162 716 nemo
1184 650 1249 716 iere
1271 652 1314 716 sit
1336 671 1389 716 ne-

210 767 352 840 gaturus,
374 762 436 826 hoc
457 762 559 842 ipsum
579 762 709 826 minime
723 763 872 828 contendi
894 767 1000 842 potest
1022 763 1215 827 desecando
1238 767 1271 825 et
1292 761 1388 827 tertio

207 870 305 953 libro,
338 873 456 953 quippe
484 891 555 938 curn
584 872 751 938 ednabus
773 872 824 938 vel
845 872 985 954 quinque
1006 872 1085 937 locis
1107 872 1187 938 nihil
1207 872 1389 954 argumenti

211 984 256 1048 sit
284 984 465 1064 petendum,
510 987 556 1049 Ac
586 1003 626 1049 ne
656 984 837 1048 mirandum
867 983 996 1066 quidem
1019 990 1087 1064 est,
1117 983 1202 1065 quod
1222 983 1298 1047 inde
1320 1002 1340 1046 a
1361 1003 1388 1049 c.

209 1094 252 1174 ll,
278 1094 318 1158 13
347 1112 446 1176 usque
475 1096 518 1160 ad
547 1095 637 1160 tertii
658 1095 733 1160 libri
753 1093 847 1160 finem
871 1113 1028 1177 nusquam
1051 1101 1205 1176 quattuor
1226 1093 1388 1159 Blandinii

208 1210 500 1271 commemorentur.
551 1206 633 1270 Nam
666 1223 737 1270 cum
768 1206 953 1286 saepissime
985 1206 1143 1288 (lruqnius
1172 1207 1212 1270 de
1243 1205 1388 1270 omnibus

209 1315 371 1381 codicibus
407 1317 458 1381 vel
489 1319 530 1382 de
560 1317 705 1382 omuibus
734 1318 913 1383 Blandiniis
943 1317 1077 1398 dixerit,
1115 1337 1174 1399 per
1207 1317 1287 1382 haec
1316 1317 1387 1399 ipsa

209 1426 308 1492 verba
341 1433 495 1508 quattuor
527 1428 714 1495 Blandinios
754 1429 895 1510 intellegi
936 1447 1031 1510 posse
1064 1447 1155 1494 nemo
1187 1427 1386 1492 initiabitur.

207 1538 321 1619 Itaque
344 1538 374 1602 in
398 1557 460 1603 uuo
482 1557 530 1620 qu
541 1544 634 1604 arto
657 1540 833 1605 carminum
849 1540 932 1605 libro
947 1539 1100 1605 deiecisse
1115 1539 1275 1622 quendam
1290 1539 1386 1603 Blan-

208 1649 330 1713 dinium
354 1651 562 1715 statuendum
585 1651 723 1716 videtur.
748 1688 788 1696 -—
811 1651 949 1716 Proinde
972 1669 1054 1733 quae
1076 1649 1294 1716 aMuetzellio
1317 1649 1351 1724 (l.
1366 1649 1386 1713 l.

206 1780 237 1840 p.
260 1759 445 1842 aro-877)
475 1769 509 1826 et
537 1762 836 1844 aZangcmeistero
867 1762 901 1844 (l.
924 1761 946 1826 l.
967 1781 998 1842 p.
1021 1761 1095 1843 326,
1118 1762 1190 1826 adn.
1215 1763 1251 1842 4)
1274 1767 1386 1826 contra

208 1871 291 1935 hane
322 1873 513 1938 sententiam
544 1873 670 1952 prolata
700 1879 791 1953 sunt,
823 1873 935 1954 paucis
965 1893 985 1938 a
1014 1893 1065 1939 me
1093 1871 1267 1938 refellenda
1296 1879 1384 1953 puto.

208 1982 395 2062 Epodorum
418 1983 501 2047 eninr
525 1984 556 2048 in
580 1983 720 2048 editione
742 2003 771 2048 a.
796 1985 878 2050 1567
888 2035 897 2065 ,
918 2005 949 2065 p.
975 1985 1013 2048 18
1043 1984 1202 2066 (iruquius
1226 2003 1296 2062 eos,
1329 1985 1383 2066 qui

206 2092 391 2172 Epodorum
407 2092 521 2158 librum
538 2094 719 2160 habendum
741 2113 811 2160 esse
832 2115 890 2176 pro
910 2095 1021 2176 quinto
1037 2095 1212 2160 carminum
1227 2093 1385 2159 arbitren-

207 2209 278 2282 tur,
308 2203 360 2268 his
390 2205 496 2271 verbis
525 2207 708 2287 redarguit:
739 2207 833 2287 „huic
863 2206 1002 2288 opinioni
1034 2206 1239 2272 obluctantur
1261 2206 1385 2272 codices

206 2319 358 2397 quattuor
381 2316 541 2382 Blandinii
564 2317 778 2400 antiquissimi
802 2336 865 2383 una
888 2336 958 2382 cum
980 2316 1106 2382 duobus
1129 2316 1290 2382 codicibus
1305 2317 1383 2381 Bus-
1429 2406 1434 2413 ι

205 2425 336 2491 lidianis
359 2434 392 2492 et
414 2427 575 2493 Carrionis
597 2431 676 2509 cod,
708 2429 739 2492 in
764 2428 880 2510 quibus
902 2429 981 2493 odas
1004 2434 1207 2509 quattuor
1228 2429 1382 2494 librorum

205 2536 382 2602 invenimus
412 2539 555 2620 digestas
585 2559 643 2621 per
672 2558 749 2605 suas
777 2540 913 2619 classes,
944 2546 1098 2620 quantum
1128 2540 1169 2603 ad
1200 2541 1383 2622 argumenti

205 2648 358 2713 rationem
383 2650 537 2730 pertinet:
569 2670 641 2716 uam
663 2651 747 2716 aliae
770 2651 922 2716 dicuntur
944 2649 1110 2729 Eroticae,
1132 2650 1216 2717 aliae
1238 2651 1383 2717 Encomi-
1485 2655 1488 2660 “

205 2759 342 2838 asticae,
372 2762 456 2827 aliae
477 2763 703 2828 Paraeneticae
726 2766 806 2829 etc.“
849 2762 938 2839 Quae
966 2761 1063 2828 rerba
1090 2763 1266 2828 sententiae
1288 2783 1308 2828 a
1331 2781 1381 2828 me

205 2869 355 2936 defensae
376 2872 449 2936 ideo
471 2874 549 2938 milri
572 2875 701 2940 obstare
722 2893 784 2940 non
803 2875 962 2952 videntur,
985 2873 1061 2955 quia
1076 2872 1208 2954 Oruquii
1231 2873 1290 2939 boc
1311 2874 1380 2938 loco

205 2981 238 3045 id
263 2987 389 3047 tantum
413 2983 586 3066 intererat,
609 2991 646 3048 ut
666 2985 797 3065 Epodos
820 3005 839 3048 a
862 2985 1038 3050 carminum
1060 2984 1151 3050 libris
1173 2983 1383 3064 diiungendos

204 3111 274 3156 esse
310 3095 501 3161 ostenderet.
553 3095 660 3172 Quare
696 3097 751 3177 qui
787 3102 908 3176 quanta
943 3099 1028 3160 esset
1059 3095 1217 3178 (iruquius
1252 3094 1380 3160 dicendi

205 3203 406 3286 neglegentia
428 3224 504 3270 usus
527 3212 613 3272 recte
635 3207 851 3288 perspexerit,
874 3206 938 3272 illis
961 3206 1066 3274 verbis
1088 3225 1149 3271 non
1171 3212 1297 3271 tantum
1320 3205 1377 3271 tri-

204 3314 291 3392 buet,
314 3317 398 3381 uude
420 3315 450 3380 in
466 3316 645 3382 Blandiuiis
668 3317 812 3382 omnibus
833 3336 941 3383 omnes
962 3317 1137 3383 carminum
1159 3317 1258 3383 libros
1279 3316 1377 3382 luisse

205 3424 381 3506 descriptos
397 3427 606 3508 colligendum
629 3428 681 3492 sit.
720 3427 864 3510 Itemque
881 3428 987 3508 etiam,
1011 3446 1092 3509 quae
1108 3425 1383 3509 Zangemeisterus

204 3555 242 3599 err
264 3536 388 3616 primae
411 3538 562 3604 editionis
583 3537 783 3618 praefatione
805 3540 850 3620 (p.
874 3540 908 3616 7)
936 3538 1114 3605 sententiae
1136 3544 1264 3603 nostrae
1285 3556 1382 3619 oppo-

204 3646 286 3727 suit,
317 3648 415 3712 verba
437 3649 618 3731 argumenti
647 3649 715 3714 loco
737 3652 892 3716 sumenda
923 3669 982 3716 non
1011 3667 1081 3714 esse
1104 3668 1194 3714 nemo
1215 3649 1295 3728 erit,
1327 3651 1382 3732 qui

204 3763 305 3838 neget.
351 3757 511 3839 cruquius
540 3758 623 3824 enim
654 3778 688 3824 se
719 3779 790 3824 curn
821 3762 861 3825 ad
885 3766 1035 3841 quartum
1060 3758 1242 3826 carminum
1264 3760 1382 3825 librum

203 3870 429 3934 recensendum
451 3871 651 3952 pervenerit,
674 3877 825 3953 quattuor
848 3877 992 3937 vetustos
1014 3873 1139 3938 codices
1161 3889 1229 3937 esse
1251 3876 1379 3935 nactum

202 3978 382 4061 profitetur,
405 3999 464 4044 non
488 3988 594 4046 autern
618 3982 649 4046 in
669 3983 814 4048 omuibus
830 3989 979 4064 quartum
996 3982 1112 4048 librum
1134 3981 1231 4046 fuisse
1253 3988 1380 4047 conteu-

202 4090 261 4153 dit.
307 4090 406 4155 Porro
429 4091 542 4174 altero,
565 4110 657 4173 quem
674 4091 950 4175 Zangemeisterus
967 4093 1079 4158 attulit
1101 4093 1168 4157 loco
1191 4092 1270 4156 nihil
1292 4091 1379 4157 aliud

202 4199 322 4280 legitur
352 4202 414 4266 nisi
448 4203 480 4266 in
511 4209 665 4283 quattuor
693 4203 871 4268 Blandiniis
900 4202 1123 4269 adnotationes
1152 4203 1289 4284 margini
1322 4205 1378 4269 ad·

202 4310 340 4391 scriptas
355 4310 463 4394 luisse,
485 4332 566 4395 quae
589 4315 686 4380 verba
708 4316 749 4379 ad
765 4320 905 4378 nostram
922 4314 1113 4379 sententiam
1130 4313 1376 4380 confirmandam

201 4421 394 4502 permultum
417 4421 524 4488 valere
546 4424 609 4489 iam
632 4441 731 4505 supra
752 4424 901 4489 vidimus.
945 4425 1089 4506 Denique
1111 4426 1249 4490 alterum
1271 4424 1375 4498 Muet-
