<?xml version="1.0" encoding="UTF-8"?>
<!DOCTYPE html PUBLIC "-//W3C//DTD XHTML 1.0 Transitional//EN"
    "http://www.w3.org/TR/xhtml1/DTD/xhtml1-transitional.dtd">
<html xmlns="http://www.w3.org/1999/xhtml" xml:lang="en" lang="en">
 <head>
  <title>
</title>
<meta http-equiv="Content-Type" content="text/html;charset=utf-8" />
  <meta name='ocr-system' content='tesseract 3.04.00' />
  <meta name='ocr-capabilities' content='ocr_page ocr_carea ocr_par ocr_line ocrx_word'/>
</head>
<body>
  <div class='ocr_page' id='page_1' title='image "./decodiceblandin00hoehgoog_0010.png"; bbox 0 0 3118 5060; ppageno 0'>
   <div class='ocr_carea' id='block_1_1' title="bbox 623 267 815 332">
    <p class='ocr_par' dir='ltr' id='par_1_1' title="bbox 623 267 815 332">
     <span class='ocr_line' id='line_1_1' title="bbox 623 267 815 332; baseline -0.01 -16"><span class='ocrx_word' id='word_1_1' title='bbox 623 267 815 332; x_wconf 86' lang='lat'>...3....</span> 
     </span>
    </p>
   </div>
   <div class='ocr_carea' id='block_1_2' title="bbox 131 434 1310 636">
    <p class='ocr_par' dir='ltr' id='par_1_2' title="bbox 131 434 1310 636">
     <span class='ocr_line' id='line_1_2' title="bbox 131 434 1310 526; baseline -0.005 -17"><span class='ocrx_word' id='word_1_2' title='bbox 131 444 308 526; x_wconf 87' lang='lat' dir='ltr'>scripturas</span> <span class='ocrx_word' id='word_1_3' title='bbox 330 444 596 523; x_wconf 76' lang='lat' dir='ltr'>congeramus⁷),</span> <span class='ocrx_word' id='word_1_4' title='bbox 627 434 671 504; x_wconf 84' lang='lat' dir='ltr'>in¹</span> <span class='ocrx_word' id='word_1_5' title='bbox 690 439 792 504; x_wconf 85' lang='lat' dir='ltr'>altero</span> <span class='ocrx_word' id='word_1_6' title='bbox 814 457 853 504; x_wconf 85' lang='lat' dir='ltr'>ex</span> <span class='ocrx_word' id='word_1_7' title='bbox 875 439 916 506; x_wconf 87' lang='lat' dir='ltr'>iis</span> <span class='ocrx_word' id='word_1_8' title='bbox 938 439 1041 519; x_wconf 86' lang='lat' dir='ltr'>ipsius</span> <span class='ocrx_word' id='word_1_9' title='bbox 1063 439 1137 504; x_wconf 89' lang='lat' dir='ltr'>libri</span> <span class='ocrx_word' id='word_1_10' title='bbox 1160 444 1310 504; x_wconf 85' lang='lat' dir='ltr'>naturam</span> 
     </span>
     <span class='ocr_line' id='line_1_3' title="bbox 131 551 596 636; baseline -0.006 -18"><span class='ocrx_word' id='word_1_11' title='bbox 131 559 226 636; x_wconf 89' lang='lat' dir='ltr'>atque</span> <span class='ocrx_word' id='word_1_12' title='bbox 248 552 385 619; x_wconf 85' lang='lat' dir='ltr'>indolem</span> <span class='ocrx_word' id='word_1_13' title='bbox 409 551 596 616; x_wconf 88' lang='lat' dir='ltr'>iudicemus.</span> 
     </span>
    </p>
   </div>
   <div class='ocr_carea' id='block_1_3' title="bbox 153 809 1289 1088">
    <p class='ocr_par' dir='ltr' id='par_1_3' title="bbox 153 809 1289 1088">
     <span class='ocr_line' id='line_1_4' title="bbox 706 809 735 882; baseline 0.034 -1"><span class='ocrx_word' id='word_1_14' title='bbox 706 809 735 882; x_wconf 93' lang='grc' dir='ltr'>Ι.</span> 
     </span>
     <span class='ocr_line' id='line_1_5' title="bbox 153 925 1289 1088; baseline -0.004 -46"><span class='ocrx_word' id='word_1_15' title='bbox 153 965 349 1042; x_wconf 68' lang='lat' dir='ltr'>Quaenam</span> <span class='ocrx_word' id='word_1_16' title='bbox 374 925 561 1088; x_wconf 75' lang='lat' dir='ltr'>lectiones</span> <span class='ocrx_word' id='word_1_17' title='bbox 586 966 629 1043; x_wconf 87' lang='lat' dir='ltr'>in</span> <span class='ocrx_word' id='word_1_18' title='bbox 655 965 786 1036; x_wconf 85' lang='lat' dir='ltr'>codice</span> <span class='ocrx_word' id='word_1_19' title='bbox 811 965 847 1036; x_wconf 88' lang='lat' dir='ltr'><strong>V</strong></span> <span class='ocrx_word' id='word_1_20' title='bbox 873 964 1030 1052; x_wconf 85' lang='lat' dir='ltr'>fuerint,</span> <span class='ocrx_word' id='word_1_21' title='bbox 1056 969 1289 1040; x_wconf 81' lang='lat' dir='ltr'><strong>excutiatur.</strong></span> 
     </span>
    </p>
   </div>
   <div class='ocr_carea' id='block_1_4' title="bbox 686 1201 758 1281">
    <p class='ocr_par' dir='ltr' id='par_1_4' title="bbox 686 1201 758 1281">
     <span class='ocr_line' id='line_1_6' title="bbox 686 1201 758 1281; baseline 0 -17"><span class='ocrx_word' id='word_1_22' title='bbox 686 1201 758 1281; x_wconf 74' lang='lat' dir='ltr'>su</span> 
     </span>
    </p>
   </div>
   <div class='ocr_carea' id='block_1_5' title="bbox 124 1353 1314 3983">
    <p class='ocr_par' dir='ltr' id='par_1_5' title="bbox 129 1353 1311 1660">
     <span class='ocr_line' id='line_1_7' title="bbox 213 1353 1309 1446; baseline 0.002 -28"><span class='ocrx_word' id='word_1_23' title='bbox 213 1355 355 1419; x_wconf 89' lang='lat' dir='ltr'>Primum</span> <span class='ocrx_word' id='word_1_24' title='bbox 375 1355 524 1446; x_wconf 83' lang='lat' dir='ltr'>quidem,</span> <span class='ocrx_word' id='word_1_25' title='bbox 555 1360 592 1419; x_wconf 91' lang='lat' dir='ltr'>ut</span> <span class='ocrx_word' id='word_1_26' title='bbox 614 1359 703 1420; x_wconf 87' lang='lat' dir='ltr'>certa</span> <span class='ocrx_word' id='word_1_27' title='bbox 725 1353 956 1435; x_wconf 80' lang='lat' dir='ltr'>disputationis</span> <span class='ocrx_word' id='word_1_28' title='bbox 978 1353 1189 1421; x_wconf 84' lang='lat' dir='ltr'>fundamenta</span> <span class='ocrx_word' id='word_1_29' title='bbox 1210 1376 1309 1437; x_wconf 88' lang='lat' dir='ltr'>pona-</span> 
     </span>
     <span class='ocr_line' id='line_1_8' title="bbox 129 1463 1311 1548; baseline 0.002 -18"><span class='ocrx_word' id='word_1_30' title='bbox 129 1485 216 1546; x_wconf 88' lang='lat' dir='ltr'>mus,</span> <span class='ocrx_word' id='word_1_31' title='bbox 250 1467 365 1548; x_wconf 84' lang='lat' dir='ltr'>quibus</span> <span class='ocrx_word' id='word_1_32' title='bbox 396 1485 434 1531; x_wconf 85' lang='lat' dir='ltr'>ex</span> <span class='ocrx_word' id='word_1_33' title='bbox 465 1464 607 1531; x_wconf 84' lang='lat' dir='ltr'>fontibus</span> <span class='ocrx_word' id='word_1_34' title='bbox 637 1465 755 1531; x_wconf 89' lang='lat' dir='ltr'>codicis</span> <span class='ocrx_word' id='word_1_35' title='bbox 779 1463 807 1528; x_wconf 86' lang='lat' dir='ltr'>V</span> <span class='ocrx_word' id='word_1_36' title='bbox 835 1465 987 1531; x_wconf 87' lang='lat' dir='ltr'>lectiones</span> <span class='ocrx_word' id='word_1_37' title='bbox 1018 1466 1144 1530; x_wconf 90' lang='lat' dir='ltr'>hauriri</span> <span class='ocrx_word' id='word_1_38' title='bbox 1176 1468 1311 1548; x_wconf 86' lang='lat' dir='ltr'>possint,</span> 
     </span>
     <span class='ocr_line' id='line_1_9' title="bbox 131 1579 432 1660; baseline 0.003 -19"><span class='ocrx_word' id='word_1_39' title='bbox 131 1579 349 1660; x_wconf 85' lang='lat' dir='ltr'>exponendum</span> <span class='ocrx_word' id='word_1_40' title='bbox 373 1584 432 1644; x_wconf 89' lang='lat' dir='ltr'>est.</span> 
     </span>
    </p>

    <p class='ocr_par' dir='ltr' id='par_1_6' title="bbox 124 1685 1314 3983">
     <span class='ocr_line' id='line_1_10' title="bbox 213 1685 1312 1769; baseline 0 -17"><span class='ocrx_word' id='word_1_41' title='bbox 213 1689 357 1755; x_wconf 88' lang='lat' dir='ltr'>Fuerunt</span> <span class='ocrx_word' id='word_1_42' title='bbox 379 1691 462 1755; x_wconf 89' lang='lat' dir='ltr'>enirn</span> <span class='ocrx_word' id='word_1_43' title='bbox 485 1689 548 1755; x_wconf 85' lang='lat' dir='ltr'>viri</span> <span class='ocrx_word' id='word_1_44' title='bbox 570 1689 670 1769; x_wconf 90' lang='lat' dir='ltr'>docti,</span> <span class='ocrx_word' id='word_1_45' title='bbox 694 1687 809 1768; x_wconf 88' lang='lat' dir='ltr'>quibus</span> <span class='ocrx_word' id='word_1_46' title='bbox 833 1685 1037 1753; x_wconf 89' lang='lat' dir='ltr'>Blandinium</span> <span class='ocrx_word' id='word_1_47' title='bbox 1063 1689 1203 1753; x_wconf 85' lang='lat' dir='ltr'>codicem</span> <span class='ocrx_word' id='word_1_48' title='bbox 1227 1690 1312 1753; x_wconf 90' lang='lat' dir='ltr'>anti-</span> 
     </span>
     <span class='ocr_line' id='line_1_11' title="bbox 130 1799 1313 1880; baseline 0.002 -18"><span class='ocrx_word' id='word_1_49' title='bbox 130 1799 318 1880; x_wconf 88' lang='lat' dir='ltr'>quissimum</span> <span class='ocrx_word' id='word_1_50' title='bbox 341 1820 403 1865; x_wconf 92' lang='lat' dir='ltr'>non</span> <span class='ocrx_word' id='word_1_51' title='bbox 426 1800 521 1865; x_wconf 89' lang='lat' dir='ltr'>modo</span> <span class='ocrx_word' id='word_1_52' title='bbox 543 1799 768 1878; x_wconf 83' lang='lat' dir='ltr'>acruquio,</span> <span class='ocrx_word' id='word_1_53' title='bbox 796 1799 1018 1863; x_wconf 86' lang='lat' dir='ltr'>verumetiam</span> <span class='ocrx_word' id='word_1_54' title='bbox 1042 1804 1138 1863; x_wconf 87' lang='lat' dir='ltr'>antea</span> <span class='ocrx_word' id='word_1_55' title='bbox 1154 1799 1313 1864; x_wconf 89' lang='lat' dir='ltr'>aPetro</span> 
     </span>
     <span class='ocr_line' id='line_1_12' title="bbox 129 1908 1311 1991; baseline -0.001 -17"><span class='ocrx_word' id='word_1_56' title='bbox 129 1909 158 1974; x_wconf 88' lang='lat' dir='ltr'>N</span> <span class='ocrx_word' id='word_1_57' title='bbox 165 1911 290 1975; x_wconf 87' lang='lat' dir='ltr'>annio</span> <span class='ocrx_word' id='word_1_58' title='bbox 312 1911 597 1990; x_wconf 86' lang='lat' dir='ltr'>Alcmariano,</span> <span class='ocrx_word' id='word_1_59' title='bbox 621 1910 730 1990; x_wconf 87' lang='lat' dir='ltr'>quiin</span> <span class='ocrx_word' id='word_1_60' title='bbox 753 1908 887 1974; x_wconf 88' lang='lat' dir='ltr'>Miscell.</span> <span class='ocrx_word' id='word_1_61' title='bbox 910 1927 1001 1991; x_wconf 86' lang='lat' dir='ltr'>capp.</span> <span class='ocrx_word' id='word_1_62' title='bbox 1018 1910 1078 1974; x_wconf 95' lang='grc' dir='ltr'><strong>ΙΙΙ.</strong></span> <span class='ocrx_word' id='word_1_63' title='bbox 1094 1915 1126 1975; x_wconf 93' lang='lat' dir='ltr'>et</span> <span class='ocrx_word' id='word_1_64' title='bbox 1141 1910 1196 1975; x_wconf 87' lang='lat' dir='ltr'>IV.</span> <span class='ocrx_word' id='word_1_65' title='bbox 1219 1910 1311 1975; x_wconf 90' lang='lat' dir='ltr'>seho-</span> 
     </span>
     <span class='ocr_line' id='line_1_13' title="bbox 128 2017 1313 2102; baseline 0.001 -17"><span class='ocrx_word' id='word_1_66' title='bbox 128 2021 172 2085; x_wconf 90' lang='lat' dir='ltr'>lia</span> <span class='ocrx_word' id='word_1_67' title='bbox 201 2028 236 2087; x_wconf 87' lang='lat' dir='ltr'>et</span> <span class='ocrx_word' id='word_1_68' title='bbox 264 2022 442 2102; x_wconf 90' lang='lat' dir='ltr'>scripturas</span> <span class='ocrx_word' id='word_1_69' title='bbox 475 2040 492 2086; x_wconf 93' lang='lat' dir='ltr'>e</span> <span class='ocrx_word' id='word_1_70' title='bbox 523 2025 651 2088; x_wconf 79' lang='lat' dir='ltr'>vetusto</span> <span class='ocrx_word' id='word_1_71' title='bbox 682 2020 820 2101; x_wconf 88' lang='lat' dir='ltr'>quodam</span> <span class='ocrx_word' id='word_1_72' title='bbox 852 2021 975 2085; x_wconf 77' lang='lat' dir='ltr'>codice&#39;</span> <span class='ocrx_word' id='word_1_73' title='bbox 991 2017 1163 2084; x_wconf 89' lang='lat' dir='ltr'>Blandinio</span> <span class='ocrx_word' id='word_1_74' title='bbox 1192 2021 1313 2101; x_wconf 86' lang='lat' dir='ltr'>publici</span> 
     </span>
     <span class='ocr_line' id='line_1_14' title="bbox 129 2129 1312 2212; baseline 0.002 -17"><span class='ocrx_word' id='word_1_75' title='bbox 129 2133 208 2197; x_wconf 90' lang='lat' dir='ltr'>iuris</span> <span class='ocrx_word' id='word_1_76' title='bbox 230 2130 370 2212; x_wconf 86' lang='lat' dir='ltr'>iecisset,</span> <span class='ocrx_word' id='word_1_77' title='bbox 393 2133 572 2212; x_wconf 89' lang='lat' dir='ltr'>inspectum</span> <span class='ocrx_word' id='word_1_78' title='bbox 594 2129 695 2196; x_wconf 83' lang='lat' dir='ltr'>fuisse</span> <span class='ocrx_word' id='word_1_79' title='bbox 717 2148 905 2211; x_wconf 87' lang='lat' dir='ltr'>persuasum</span> <span class='ocrx_word' id='word_1_80' title='bbox 929 2136 1023 2196; x_wconf 90' lang='lat' dir='ltr'>esset.</span> <span class='ocrx_word' id='word_1_81' title='bbox 1058 2132 1165 2212; x_wconf 83' lang='lat' dir='ltr'>Atque</span> <span class='ocrx_word' id='word_1_82' title='bbox 1182 2138 1218 2197; x_wconf 90' lang='lat' dir='ltr'>ut</span> <span class='ocrx_word' id='word_1_83' title='bbox 1230 2133 1312 2198; x_wconf 90' lang='lat' dir='ltr'>alios</span> 
     </span>
     <span class='ocr_line' id='line_1_15' title="bbox 128 2241 1314 2322; baseline 0.004 -19"><span class='ocrx_word' id='word_1_84' title='bbox 128 2243 295 2321; x_wconf 86' lang='lat' dir='ltr'>omittam,</span> <span class='ocrx_word' id='word_1_85' title='bbox 318 2241 478 2322; x_wconf 88' lang='lat' dir='ltr'>copiosius</span> <span class='ocrx_word' id='word_1_86' title='bbox 501 2241 642 2321; x_wconf 87' lang='lat' dir='ltr'>primus,</span> <span class='ocrx_word' id='word_1_87' title='bbox 673 2241 759 2320; x_wconf 89' lang='lat' dir='ltr'>quod</span> <span class='ocrx_word' id='word_1_88' title='bbox 793 2242 909 2320; x_wconf 88' lang='lat' dir='ltr'>sciam,</span> <span class='ocrx_word' id='word_1_89' title='bbox 940 2243 980 2306; x_wconf 90' lang='lat' dir='ltr'>de</span> <span class='ocrx_word' id='word_1_90' title='bbox 1008 2242 1070 2306; x_wconf 85' lang='lat' dir='ltr'>hae</span> <span class='ocrx_word' id='word_1_91' title='bbox 1097 2261 1133 2306; x_wconf 90' lang='lat' dir='ltr'>re</span> <span class='ocrx_word' id='word_1_92' title='bbox 1159 2243 1314 2308; x_wconf 85' lang='lat' dir='ltr'>disseruit</span> 
     </span>
     <span class='ocr_line' id='line_1_16' title="bbox 133 2349 1312 2435; baseline 0.004 -21"><span class='ocrx_word' id='word_1_93' title='bbox 133 2351 336 2417; x_wconf 89' lang='lat' dir='ltr'>Muetzellius</span> <span class='ocrx_word' id='word_1_94' title='bbox 358 2349 393 2435; x_wconf 86' lang='lat'>(1.</span> <span class='ocrx_word' id='word_1_95' title='bbox 416 2351 437 2416; x_wconf 92' lang='lat' dir='ltr'>l.</span> <span class='ocrx_word' id='word_1_96' title='bbox 459 2369 490 2432; x_wconf 91' lang='lat' dir='ltr'>p.</span> <span class='ocrx_word' id='word_1_97' title='bbox 513 2351 716 2432; x_wconf 90' lang='grc'>873-874),</span> <span class='ocrx_word' id='word_1_98' title='bbox 740 2352 791 2415; x_wconf 91' lang='lat' dir='ltr'>cui</span> <span class='ocrx_word' id='word_1_99' title='bbox 813 2352 946 2433; x_wconf 90' lang='lat' dir='ltr'>propius</span> <span class='ocrx_word' id='word_1_100' title='bbox 969 2353 1011 2418; x_wconf 88' lang='lat' dir='ltr'>ad</span> <span class='ocrx_word' id='word_1_101' title='bbox 1032 2353 1201 2418; x_wconf 78' lang='lat' dir='ltr'>veritatem</span> <span class='ocrx_word' id='word_1_102' title='bbox 1224 2373 1312 2420; x_wconf 88' lang='lat' dir='ltr'>aece-</span> 
     </span>
     <span class='ocr_line' id='line_1_17' title="bbox 132 2461 1312 2543; baseline 0.003 -17"><span class='ocrx_word' id='word_1_103' title='bbox 132 2463 208 2526; x_wconf 90' lang='lat' dir='ltr'>dere</span> <span class='ocrx_word' id='word_1_104' title='bbox 230 2461 401 2528; x_wconf 85' lang='lat' dir='ltr'>videbatur</span> <span class='ocrx_word' id='word_1_105' title='bbox 422 2463 460 2542; x_wconf 91' lang='lat' dir='ltr'>is,</span> <span class='ocrx_word' id='word_1_106' title='bbox 483 2463 537 2543; x_wconf 92' lang='lat' dir='ltr'>qui</span> <span class='ocrx_word' id='word_1_107' title='bbox 556 2461 715 2527; x_wconf 86' lang='lat' dir='ltr'>Nunnium</span> <span class='ocrx_word' id='word_1_108' title='bbox 740 2468 772 2526; x_wconf 90' lang='lat' dir='ltr'>et</span> <span class='ocrx_word' id='word_1_109' title='bbox 788 2461 963 2543; x_wconf 85' lang='lat' dir='ltr'>Oruquium</span> <span class='ocrx_word' id='word_1_110' title='bbox 985 2482 1024 2528; x_wconf 84' lang='lat' dir='ltr'>ex</span> <span class='ocrx_word' id='word_1_111' title='bbox 1046 2464 1180 2528; x_wconf 92' lang='lat' dir='ltr'>eodem</span> <span class='ocrx_word' id='word_1_112' title='bbox 1204 2466 1312 2530; x_wconf 90' lang='lat' dir='ltr'>codiee</span> 
     </span>
     <span class='ocr_line' id='line_1_18' title="bbox 129 2571 1312 2655; baseline 0.003 -18"><span class='ocrx_word' id='word_1_113' title='bbox 129 2573 302 2637; x_wconf 90' lang='lat' dir='ltr'>Blandinio</span> <span class='ocrx_word' id='word_1_114' title='bbox 324 2572 449 2638; x_wconf 88' lang='lat' dir='ltr'>fructus</span> <span class='ocrx_word' id='word_1_115' title='bbox 463 2574 645 2654; x_wconf 90' lang='lat' dir='ltr'>percepisse</span> <span class='ocrx_word' id='word_1_116' title='bbox 661 2571 847 2653; x_wconf 87' lang='lat' dir='ltr'>affirrneret,</span> <span class='ocrx_word' id='word_1_117' title='bbox 863 2592 959 2655; x_wconf 90' lang='lat' dir='ltr'>quam</span> <span class='ocrx_word' id='word_1_118' title='bbox 975 2573 1029 2654; x_wconf 88' lang='lat' dir='ltr'>qui</span> <span class='ocrx_word' id='word_1_119' title='bbox 1050 2579 1161 2639; x_wconf 88' lang='lat' dir='ltr'>contra</span> <span class='ocrx_word' id='word_1_120' title='bbox 1174 2573 1312 2641; x_wconf 78' lang='lat' dir='ltr'>iaceret.</span> 
     </span>
     <span class='ocr_line' id='line_1_19' title="bbox 128 2683 1311 2766; baseline 0.006 -19"><span class='ocrx_word' id='word_1_121' title='bbox 128 2685 231 2760; x_wconf 76' lang='lat' dir='ltr'>Quam</span> <span class='ocrx_word' id='word_1_122' title='bbox 253 2684 446 2748; x_wconf 86' lang='lat' dir='ltr'>sententiam</span> <span class='ocrx_word' id='word_1_123' title='bbox 469 2702 539 2748; x_wconf 90' lang='lat' dir='ltr'>cum</span> <span class='ocrx_word' id='word_1_124' title='bbox 562 2683 806 2765; x_wconf 82' lang='lat' dir='ltr'>Duentzerus⁸)</span> <span class='ocrx_word' id='word_1_125' title='bbox 829 2683 940 2749; x_wconf 88' lang='lat' dir='ltr'>multis</span> <span class='ocrx_word' id='word_1_126' title='bbox 968 2686 1166 2766; x_wconf 81' lang='lat' dir='ltr'>argumentis</span> <span class='ocrx_word' id='word_1_127' title='bbox 1188 2687 1311 2754; x_wconf 88' lang='lat' dir='ltr'>diluere</span> 
     </span>
     <span class='ocr_line' id='line_1_20' title="bbox 129 2793 1313 2878; baseline 0.004 -19"><span class='ocrx_word' id='word_1_128' title='bbox 129 2801 226 2876; x_wconf 87' lang='lat' dir='ltr'>atque</span> <span class='ocrx_word' id='word_1_129' title='bbox 257 2793 416 2858; x_wconf 88' lang='lat' dir='ltr'>Nannium</span> <span class='ocrx_word' id='word_1_130' title='bbox 451 2812 513 2857; x_wconf 91' lang='lat' dir='ltr'>non</span> <span class='ocrx_word' id='word_1_131' title='bbox 545 2812 608 2856; x_wconf 92' lang='lat' dir='ltr'>uno</span> <span class='ocrx_word' id='word_1_132' title='bbox 641 2811 680 2858; x_wconf 89' lang='lat' dir='ltr'>ex</span> <span class='ocrx_word' id='word_1_133' title='bbox 711 2797 864 2874; x_wconf 85' lang='lat' dir='ltr'>quattuor</span> <span class='ocrx_word' id='word_1_134' title='bbox 893 2793 1025 2874; x_wconf 84' lang='lat' dir='ltr'>Oraquii</span> <span class='ocrx_word' id='word_1_135' title='bbox 1058 2796 1221 2862; x_wconf 89' lang='lat' dir='ltr'>codicibus</span> <span class='ocrx_word' id='word_1_136' title='bbox 1256 2800 1313 2878; x_wconf 84' lang='lat' dir='ltr'>sed</span> 
     </span>
     <span class='ocr_line' id='line_1_21' title="bbox 128 2904 1311 2990; baseline 0.005 -22"><span class='ocrx_word' id='word_1_137' title='bbox 128 2907 271 2986; x_wconf 92' lang='lat' dir='ltr'>quinto</span> <span class='ocrx_word' id='word_1_138' title='bbox 302 2906 440 2986; x_wconf 89' lang='lat' dir='ltr'>quodam</span> <span class='ocrx_word' id='word_1_139' title='bbox 471 2922 564 2969; x_wconf 90' lang='lat' dir='ltr'>usum</span> <span class='ocrx_word' id='word_1_140' title='bbox 596 2923 667 2970; x_wconf 84' lang='lat' dir='ltr'>esse</span> <span class='ocrx_word' id='word_1_141' title='bbox 697 2904 869 2970; x_wconf 87' lang='lat' dir='ltr'>Blandinio</span> <span class='ocrx_word' id='word_1_142' title='bbox 904 2905 1123 2971; x_wconf 89' lang='lat' dir='ltr'>demonstrare</span> <span class='ocrx_word' id='word_1_143' title='bbox 1156 2909 1311 2990; x_wconf 82' lang='lat' dir='ltr'>studeret,</span> 
     </span>
     <span class='ocr_line' id='line_1_22' title="bbox 127 3013 1311 3112; baseline 0.003 -31"><span class='ocrx_word' id='word_1_144' title='bbox 127 3015 388 3081; x_wconf 86' lang='lat' dir='ltr'>Hirschfeldcrus</span> <span class='ocrx_word' id='word_1_145' title='bbox 400 3014 544 3096; x_wconf 88' lang='lat' dir='ltr'>(Quaest.</span> <span class='ocrx_word' id='word_1_146' title='bbox 557 3014 669 3080; x_wconf 91' lang='lat' dir='ltr'>Horat.</span> <span class='ocrx_word' id='word_1_147' title='bbox 682 3034 777 3097; x_wconf 78' lang='lat' dir='ltr'>spec,</span> <span class='ocrx_word' id='word_1_148' title='bbox 790 3014 904 3095; x_wconf 83' lang='lat' dir='ltr'>Berol,</span> <span class='ocrx_word' id='word_1_149' title='bbox 918 3013 1010 3112; x_wconf 72' lang='lat'>1862,</span> <span class='ocrx_word' id='word_1_150' title='bbox 1019 3034 1051 3096; x_wconf 92' lang='lat' dir='ltr'>p.</span> <span class='ocrx_word' id='word_1_151' title='bbox 1062 3015 1162 3103; x_wconf 84' lang='lat'>3-8)</span> <span class='ocrx_word' id='word_1_152' title='bbox 1175 3021 1311 3085; x_wconf 89' lang='lat' dir='ltr'>mediam</span> 
     </span>
     <span class='ocr_line' id='line_1_23' title="bbox 129 3125 1308 3211; baseline 0.003 -20"><span class='ocrx_word' id='word_1_153' title='bbox 129 3128 289 3208; x_wconf 88' lang='lat' dir='ltr'>quandam</span> <span class='ocrx_word' id='word_1_154' title='bbox 312 3125 397 3190; x_wconf 79' lang='lat' dir='ltr'>viam</span> <span class='ocrx_word' id='word_1_155' title='bbox 427 3125 591 3206; x_wconf 82' lang='lat' dir='ltr'>ingressus</span> <span class='ocrx_word' id='word_1_156' title='bbox 613 3125 772 3190; x_wconf 82' lang='lat' dir='ltr'>Nunnium</span> <span class='ocrx_word' id='word_1_157' title='bbox 794 3146 856 3191; x_wconf 92' lang='lat' dir='ltr'>non</span> <span class='ocrx_word' id='word_1_158' title='bbox 880 3126 1013 3208; x_wconf 82' lang='lat' dir='ltr'>cruquii</span> <span class='ocrx_word' id='word_1_159' title='bbox 1036 3128 1195 3209; x_wconf 91' lang='lat' dir='ltr'>codicem,</span> <span class='ocrx_word' id='word_1_160' title='bbox 1217 3150 1308 3211; x_wconf 94' lang='lat' dir='ltr'>quem</span> 
     </span>
     <span class='ocr_line' id='line_1_24' title="bbox 127 3236 1309 3320; baseline 0.003 -19"><span class='ocrx_word' id='word_1_161' title='bbox 127 3243 222 3301; x_wconf 84' lang='lat' dir='ltr'>vocat</span> <span class='ocrx_word' id='word_1_162' title='bbox 243 3236 513 3313; x_wconf 85' lang='lat' dir='ltr'>vetustissimum,</span> <span class='ocrx_word' id='word_1_163' title='bbox 544 3237 601 3299; x_wconf 88' lang='lat' dir='ltr'>sed</span> <span class='ocrx_word' id='word_1_164' title='bbox 632 3256 745 3300; x_wconf 92' lang='lat' dir='ltr'>unum</span> <span class='ocrx_word' id='word_1_165' title='bbox 774 3257 818 3301; x_wconf 81' lang='lat' dir='ltr'>ex</span> <span class='ocrx_word' id='word_1_166' title='bbox 847 3237 980 3302; x_wconf 87' lang='lat' dir='ltr'>tribus</span> <span class='ocrx_word' id='word_1_167' title='bbox 1003 3238 1107 3303; x_wconf 90' lang='lat' dir='ltr'>aliis</span> <span class='ocrx_word' id='word_1_168' title='bbox 1129 3238 1309 3320; x_wconf 86' lang='lat' dir='ltr'>inspexisse</span> 
     </span>
     <span class='ocr_line' id='line_1_25' title="bbox 128 3345 1307 3431; baseline 0.004 -21"><span class='ocrx_word' id='word_1_169' title='bbox 128 3346 265 3426; x_wconf 78' lang='lat' dir='ltr'>putavit.</span> <span class='ocrx_word' id='word_1_170' title='bbox 301 3345 445 3427; x_wconf 90' lang='lat' dir='ltr'>Denique</span> <span class='ocrx_word' id='word_1_171' title='bbox 463 3345 645 3426; x_wconf 87' lang='lat' dir='ltr'>nuperrime</span> <span class='ocrx_word' id='word_1_172' title='bbox 659 3347 849 3412; x_wconf 83' lang='lat' dir='ltr'>Franciscus</span> <span class='ocrx_word' id='word_1_173' title='bbox 860 3345 1019 3413; x_wconf 84' lang='lat' dir='ltr'>Matthias</span> <span class='ocrx_word' id='word_1_174' title='bbox 1030 3345 1175 3431; x_wconf 85' lang='lat' dir='ltr'>(Quaest.</span> <span class='ocrx_word' id='word_1_175' title='bbox 1193 3350 1307 3416; x_wconf 85' lang='lat' dir='ltr'>Bland.</span> 
     </span>
     <span class='ocr_line' id='line_1_26' title="bbox 127 3457 1307 3542; baseline 0.004 -21"><span class='ocrx_word' id='word_1_176' title='bbox 127 3458 236 3540; x_wconf 82' lang='lat' dir='ltr'>capita</span> <span class='ocrx_word' id='word_1_177' title='bbox 265 3458 344 3537; x_wconf 93' lang='lat' dir='ltr'>tria,</span> <span class='ocrx_word' id='word_1_178' title='bbox 376 3457 449 3521; x_wconf 87' lang='lat' dir='ltr'>Hal.</span> <span class='ocrx_word' id='word_1_179' title='bbox 480 3457 673 3537; x_wconf 79' lang='lat' dir='ltr'>Sax.1882,</span> <span class='ocrx_word' id='word_1_180' title='bbox 701 3475 731 3538; x_wconf 91' lang='lat' dir='ltr'>p.</span> <span class='ocrx_word' id='word_1_181' title='bbox 757 3457 875 3542; x_wconf 81' lang='lat'>1-28)</span> <span class='ocrx_word' id='word_1_182' title='bbox 899 3458 989 3524; x_wconf 85' lang='lat' dir='ltr'>novis</span> <span class='ocrx_word' id='word_1_183' title='bbox 1012 3462 1210 3541; x_wconf 85' lang='lat' dir='ltr'>argumentis</span> <span class='ocrx_word' id='word_1_184' title='bbox 1233 3481 1307 3542; x_wconf 91' lang='lat' dir='ltr'>per-</span> 
     </span>
     <span class='ocr_line' id='line_1_27' title="bbox 125 3568 1308 3652; baseline 0.004 -20"><span class='ocrx_word' id='word_1_185' title='bbox 125 3573 232 3633; x_wconf 90' lang='lat' dir='ltr'>motus</span> <span class='ocrx_word' id='word_1_186' title='bbox 262 3575 328 3648; x_wconf 92' lang='lat' dir='ltr'>est,</span> <span class='ocrx_word' id='word_1_187' title='bbox 357 3573 395 3633; x_wconf 90' lang='lat' dir='ltr'>ut</span> <span class='ocrx_word' id='word_1_188' title='bbox 417 3568 595 3634; x_wconf 87' lang='lat' dir='ltr'>Muetzellii</span> <span class='ocrx_word' id='word_1_189' title='bbox 624 3570 816 3634; x_wconf 82' lang='lat' dir='ltr'>sententiam</span> <span class='ocrx_word' id='word_1_190' title='bbox 839 3571 1095 3651; x_wconf 89' lang='lat' dir='ltr'>amplecteretur.</span> <span class='ocrx_word' id='word_1_191' title='bbox 1139 3571 1254 3652; x_wconf 86' lang='lat' dir='ltr'>Itaque</span> <span class='ocrx_word' id='word_1_192' title='bbox 1275 3575 1308 3637; x_wconf 90' lang='lat' dir='ltr'>iu</span> 
     </span>
     <span class='ocr_line' id='line_1_28' title="bbox 126 3679 1310 3763; baseline 0.004 -21"><span class='ocrx_word' id='word_1_193' title='bbox 126 3683 220 3742; x_wconf 89' lang='lat' dir='ltr'>tanta</span> <span class='ocrx_word' id='word_1_194' title='bbox 254 3679 485 3748; x_wconf 86' lang='lat' dir='ltr'>sententiarum</span> <span class='ocrx_word' id='word_1_195' title='bbox 516 3680 675 3745; x_wconf 79' lang='lat' dir='ltr'>varietate</span> <span class='ocrx_word' id='word_1_196' title='bbox 707 3699 777 3745; x_wconf 90' lang='lat' dir='ltr'>cum</span> <span class='ocrx_word' id='word_1_197' title='bbox 809 3681 916 3744; x_wconf 89' lang='lat' dir='ltr'>omnia</span> <span class='ocrx_word' id='word_1_198' title='bbox 948 3681 1087 3746; x_wconf 91' lang='lat' dir='ltr'>omnium</span> <span class='ocrx_word' id='word_1_199' title='bbox 1121 3687 1310 3763; x_wconf 85' lang='lat' dir='ltr'>argumenta</span> 
     </span>
     <span class='ocr_line' id='line_1_29' title="bbox 124 3787 1310 3872; baseline 0.005 -20"><span class='ocrx_word' id='word_1_200' title='bbox 124 3787 269 3870; x_wconf 88' lang='lat' dir='ltr'>proferre</span> <span class='ocrx_word' id='word_1_201' title='bbox 296 3789 425 3872; x_wconf 85' lang='lat' dir='ltr'>longum</span> <span class='ocrx_word' id='word_1_202' title='bbox 455 3791 516 3871; x_wconf 88' lang='lat' dir='ltr'>sit,</span> <span class='ocrx_word' id='word_1_203' title='bbox 547 3791 625 3871; x_wconf 92' lang='lat' dir='ltr'>quid</span> <span class='ocrx_word' id='word_1_204' title='bbox 655 3792 695 3855; x_wconf 90' lang='lat' dir='ltr'>de</span> <span class='ocrx_word' id='word_1_205' title='bbox 724 3789 786 3856; x_wconf 86' lang='lat' dir='ltr'>huc</span> <span class='ocrx_word' id='word_1_206' title='bbox 807 3809 843 3856; x_wconf 90' lang='lat' dir='ltr'>re</span> <span class='ocrx_word' id='word_1_207' title='bbox 865 3793 946 3856; x_wconf 90' lang='lat' dir='ltr'>satis</span> <span class='ocrx_word' id='word_1_208' title='bbox 974 3791 1098 3856; x_wconf 84' lang='lat' dir='ltr'>lubrica</span> <span class='ocrx_word' id='word_1_209' title='bbox 1121 3798 1206 3857; x_wconf 87' lang='lat' dir='ltr'>certe</span> <span class='ocrx_word' id='word_1_210' title='bbox 1228 3794 1310 3858; x_wconf 89' lang='lat' dir='ltr'>scire</span> 
     </span>
     <span class='ocr_line' id='line_1_30' title="bbox 124 3899 891 3983; baseline 0.003 -19"><span class='ocrx_word' id='word_1_211' title='bbox 124 3899 295 3981; x_wconf 88' lang='lat' dir='ltr'>possimus,</span> <span class='ocrx_word' id='word_1_212' title='bbox 317 3902 428 3982; x_wconf 89' lang='lat' dir='ltr'>paucis</span> <span class='ocrx_word' id='word_1_213' title='bbox 452 3920 609 3983; x_wconf 89' lang='lat' dir='ltr'>exponere</span> <span class='ocrx_word' id='word_1_214' title='bbox 631 3901 713 3967; x_wconf 87' lang='lat' dir='ltr'>satis</span> <span class='ocrx_word' id='word_1_215' title='bbox 736 3903 828 3966; x_wconf 88' lang='lat' dir='ltr'>duco.</span> <span class='ocrx_word' id='word_1_216' title='bbox 850 3937 891 3948; x_wconf 90' lang='lat'>-</span> 
     </span>
    </p>
   </div>
   <div class='ocr_carea' id='block_1_6' title="bbox 123 4133 1308 4603">
    <p class='ocr_par' dir='ltr' id='par_1_7' title="bbox 123 4133 1308 4603">
     <span class='ocr_line' id='line_1_31' title="bbox 214 4133 1308 4215; baseline 0.006 -24"><span class='ocrx_word' id='word_1_217' title='bbox 214 4133 245 4210; x_wconf 88' lang='grc'>7)</span> <span class='ocrx_word' id='word_1_218' title='bbox 266 4134 344 4195; x_wconf 87' lang='lat' dir='ltr'>Usus</span> <span class='ocrx_word' id='word_1_219' title='bbox 367 4155 433 4194; x_wconf 85' lang='lat' dir='ltr'>sum</span> <span class='ocrx_word' id='word_1_220' title='bbox 455 4135 592 4215; x_wconf 74' lang='lat' dir='ltr'>cruquii·</span> <span class='ocrx_word' id='word_1_221' title='bbox 605 4135 736 4198; x_wconf 87' lang='lat' dir='ltr'>editions</span> <span class='ocrx_word' id='word_1_222' title='bbox 761 4157 786 4194; x_wconf 90' lang='lat' dir='ltr'>a.</span> <span class='ocrx_word' id='word_1_223' title='bbox 813 4136 909 4209; x_wconf 89' lang='grc'>1578,</span> <span class='ocrx_word' id='word_1_224' title='bbox 933 4136 1079 4197; x_wconf 83' lang='lat' dir='ltr'>adhibitis</span> <span class='ocrx_word' id='word_1_225' title='bbox 1102 4134 1217 4197; x_wconf 80' lang='lat' dir='ltr'>duabus</span> <span class='ocrx_word' id='word_1_226' title='bbox 1240 4136 1308 4198; x_wconf 82' lang='lat' dir='ltr'>aliis</span> 
     </span>
     <span class='ocr_line' id='line_1_32' title="bbox 123 4237 548 4298; baseline 0.009 -5"><span class='ocrx_word' id='word_1_227' title='bbox 123 4254 273 4294; x_wconf 85' lang='lat' dir='ltr'>annorum</span> <span class='ocrx_word' id='word_1_228' title='bbox 299 4237 378 4295; x_wconf 90' lang='grc'>1597</span> <span class='ocrx_word' id='word_1_229' title='bbox 403 4243 434 4297; x_wconf 85' lang='lat' dir='ltr'>et</span> <span class='ocrx_word' id='word_1_230' title='bbox 457 4242 548 4298; x_wconf 88' lang='grc'>1611.</span> 
     </span>
     <span class='ocr_line' id='line_1_33' title="bbox 215 4338 1307 4419; baseline 0.007 -25"><span class='ocrx_word' id='word_1_231' title='bbox 215 4340 247 4416; x_wconf 91' lang='grc'>8)</span> <span class='ocrx_word' id='word_1_232' title='bbox 270 4338 307 4396; x_wconf 81' lang='lat' dir='ltr'>cf.</span> <span class='ocrx_word' id='word_1_233' title='bbox 330 4340 439 4400; x_wconf 80' lang='lat' dir='ltr'>Annul.</span> <span class='ocrx_word' id='word_1_234' title='bbox 462 4341 609 4400; x_wconf 85' lang='lat' dir='ltr'>Fleckeis.</span> <span class='ocrx_word' id='word_1_235' title='bbox 633 4364 658 4401; x_wconf 89' lang='lat' dir='ltr'>a.</span> <span class='ocrx_word' id='word_1_236' title='bbox 685 4346 775 4415; x_wconf 82' lang='grc'>1856,</span> <span class='ocrx_word' id='word_1_237' title='bbox 798 4363 828 4419; x_wconf 88' lang='lat' dir='ltr'>p.</span> <span class='ocrx_word' id='word_1_238' title='bbox 852 4342 923 4399; x_wconf 87' lang='grc'><strong>799.</strong></span> <span class='ocrx_word' id='word_1_239' title='bbox 947 4373 988 4383; x_wconf 83' lang='lat'><em>-</em></span> <span class='ocrx_word' id='word_1_240' title='bbox 1003 4340 1192 4418; x_wconf 73' lang='lat' dir='ltr'>diuugymn.</span> <span class='ocrx_word' id='word_1_241' title='bbox 1209 4342 1307 4402; x_wconf 84' lang='lat' dir='ltr'>Bcrol.</span> 
     </span>
     <span class='ocr_line' id='line_1_34' title="bbox 125 4440 1111 4521; baseline 0.003 -24"><span class='ocrx_word' id='word_1_242' title='bbox 125 4459 153 4498; x_wconf 84' lang='lat' dir='ltr'>a.</span> <span class='ocrx_word' id='word_1_243' title='bbox 181 4440 272 4514; x_wconf 87' lang='grc'>1857,</span> <span class='ocrx_word' id='word_1_244' title='bbox 294 4461 323 4518; x_wconf 88' lang='lat' dir='ltr'>p.</span> <span class='ocrx_word' id='word_1_245' title='bbox 349 4441 527 4501; x_wconf 75' lang='grc'>927-937.</span> <span class='ocrx_word' id='word_1_246' title='bbox 550 4476 592 4487; x_wconf 98' lang='grc'>-</span> <span class='ocrx_word' id='word_1_247' title='bbox 613 4444 687 4503; x_wconf 86' lang='lat' dir='ltr'>ibid.</span> <span class='ocrx_word' id='word_1_248' title='bbox 711 4466 737 4503; x_wconf 89' lang='lat' dir='ltr'>a.</span> <span class='ocrx_word' id='word_1_249' title='bbox 763 4447 854 4517; x_wconf 81' lang='lat'>1864,</span> <span class='ocrx_word' id='word_1_250' title='bbox 880 4464 909 4521; x_wconf 90' lang='lat' dir='ltr'>p.</span> <span class='ocrx_word' id='word_1_251' title='bbox 934 4442 1111 4501; x_wconf 86' lang='grc'>876-878.</span> 
     </span>
     <span class='ocr_line' id='line_1_35' title="bbox 1107 4543 1154 4603; baseline 0 -25"><span class='ocrx_word' id='word_1_252' title='bbox 1107 4549 1121 4603; x_wconf 82' lang='lat' dir='ltr'>l</span> <span class='ocrx_word' id='word_1_253' title='bbox 1135 4543 1154 4578; x_wconf 73' lang='grc'>11·</span> 
     </span>
    </p>
   </div>
   <div class='ocr_carea' id='block_1_7' title="bbox 0 0 1564 5060">
    <p class='ocr_par' dir='ltr' id='par_1_8' title="bbox 0 0 1564 5060">
     <span class='ocr_line' id='line_1_36' title="bbox 0 0 1564 5060; baseline 0 1"><span class='ocrx_word' id='word_1_254' title='bbox 0 0 1564 5060; x_wconf 95' lang='lat' dir='ltr'> </span> 
     </span>
    </p>
   </div>
  </div>
 </body>
</html>
