3118 5060
594 233 804 336 ...25-

53 491 56 498 -
120 447 200 510 1111
237 444 318 509 iam
352 463 619 528 nequeamus3
657 443 806 509 deinde
837 462 857 507 1
888 440 1078 523 Oruquio
1115 436 1296 503 codicem

120 555 300 620 Vmulto
337 556 585 638 diligentius
621 563 662 623 et
697 554 940 622 accuratius
977 571 1091 635 quam
1129 549 1296 625 Divaei,

121 683 228 746 quem
252 665 525 748 habebatpro
547 666 779 758 deterioris
796 671 919 730 notae
940 663 1067 743 libro,
1090 659 1297 726 collatum

121 796 212 842 esse
234 777 354 843 valde
378 783 439 844 est
459 778 706 844 verisimile.
728 813 771 823 —

198 888 353 967 Quoniam
376 887 475 969 igitur
497 890 537 954 de
560 887 786 971 diligentia
809 887 941 971 Oruquii
963 887 1117 964 diximus,
1152 888 1295 948 transea-

119 1017 185 1064 mus
214 1000 256 1064 ad
287 999 421 1063 iidem.
466 1001 537 1078 Qua
567 1001 607 1065 de
637 1019 671 1065 re
701 1019 770 1065 cum
801 1000 864 1064 iam
887 998 1053 1064 Mewesius
1073 997 1109 1076 (l.
1131 996 1152 1060 l.
1175 995 1296 1077 8-13)

120 1110 243 1191 copiose
265 1115 363 1190 atque
385 1116 472 1175 recte
494 1109 691 1193 disseruerit,
714 1129 816 1193 pauca
837 1111 948 1189 habeo,
970 1127 1052 1192 quae
1074 1106 1219 1172 adiciam.
1250 1105 1297 1170 Ac

117 1241 153 1285 ne
178 1222 246 1303 ipse
275 1219 404 1303 quidem
436 1220 563 1301 dubito,
593 1225 667 1303 quin
698 1222 886 1287 Blandiuius
914 1221 1013 1285 codex
1042 1237 1116 1284 vere
1146 1216 1296 1282 babuerit

116 1330 261 1396 lectiones
284 1330 443 1408 ,Dellium'
472 1333 512 1412 (c.
534 1334 585 1415 II,
607 1332 657 1417 3),
703 1331 879 1413 ,Rhoetum’
903 1334 942 1412 (c.
965 1332 1017 1411 11,
1042 1330 1165 1409 1933),
1209 1346 1295 1409 ,pur-

116 1439 228 1520 pureis'
259 1438 385 1522 (clv,
411 1444 511 1524 1,10),
540 1444 729 1526 minimeque
761 1462 841 1526 nego
864 1443 1002 1526 Oruquio
1032 1441 1182 1506 lectiones
1211 1439 1295 1518 ,Gel-

117 1550 211 1631 lium',
243 1551 432 1636 ,Rhoecum',
468 1555 675 1639 ,porphyreis'
710 1537 777 1620 tam
811 1554 1014 1621 vehementer
1051 1549 1225 1634 placuisse,
1258 1556 1294 1614 ut

117 1660 270 1740 paulatim
304 1664 395 1744 quasi
425 1664 495 1744 ipse
525 1665 586 1730 sibi
617 1667 826 1747 persuaderet
858 1666 904 1731 ibi
936 1683 1066 1730 rasuras
1098 1662 1148 1726 vel
1181 1661 1295 1726 lituras

116 1771 288 1851 exstitisse,
321 1773 375 1838 ubi
406 1774 509 1839 nullas
535 1775 675 1844 viderat.
720 1777 837 1841 Verum
867 1778 922 1860 qui
951 1794 1046 1858 quam
1076 1779 1168 1837 caute
1196 1778 1293 1851 atque

115 1881 300 1948 dubitanter
315 1883 473 1967 Oruquius
488 1886 560 1967 ipse
580 1887 619 1951 de
642 1887 705 1953 illis
719 1887 797 1954 locis
819 1888 947 1969 dixerit,
969 1885 1159 1962 considerat,
1181 1881 1294 1947 illum

114 1994 244 2059 virum
276 2015 478 2078 nunquam
510 1999 704 2064 consulto
726 1999 765 2063 id
795 2000 934 2081 egisse
967 1995 1219 2077 intelleget,
1251 1998 1295 2057 11

112 2103 218 2168 alios
240 2104 422 2171 homines
450 2107 580 2187 plane
609 2109 797 2175 falleret.
841 2108 1044 2186 Quocirca
1066 2106 1292 2189 (lrnquium

112 2214 216 2278 adeo
248 2235 320 2281 non
354 2218 589 2284 mendacem
621 2219 755 2286 fuisse
786 2237 1037 2302 persuasum
1070 2218 1217 2297 habeo,
1251 2219 1293 2279 ut

112 2323 341 2408 ubicunque
363 2326 704 2408 simplicissimis
735 2330 876 2395 verbis
905 2327 1072 2412 profert
1102 2348 1145 2394 ex
1174 2327 1293 2394 codi-

113 2434 229 2501 cibus
266 2439 354 2503 suis
389 2440 614 2523 lectiones,
650 2459 837 2507 summam
875 2442 912 2508 ei
949 2439 1072 2506 iidem
1103 2438 1292 2504 tribuam.

110 2547 224 2630 Itaque
248 2568 286 2614 ne
309 2549 441 2631 Cruquii
472 2551 682 2633 simplicitate
704 2559 801 2635 atque
832 2551 1024 2618 credulitate
1045 2557 1078 2616 et
1099 2549 1162 2630 ipsi
1183 2549 1215 2613 in
1245 2565 1295 2624 er·

109 2675 199 2721 rores
221 2659 416 2742 incidamuS,
446 2668 558 2743 postca
580 2665 611 2729 11
642 2663 813 2728 indicanda
843 2663 960 2729 codicis
982 2662 1011 2727 V
1035 2668 1149 2727 natura
1176 2676 1294 2741 paucos

111 2765 183 2831 illos
199 2767 283 2835 locos
300 2772 513 2853 neglegamus.
523 2811 565 2821 -
581 2774 642 2840 Sed
660 2779 780 2838 restant
796 2775 878 2839 duae
893 2772 1054 2852 lectiones,
1070 2790 1150 2853 quae
1165 2770 1292 2836 Kellero

109 2878 246 2945 maxime
275 2881 407 2948 idoneae
438 2885 601 2964 videntur,
632 2885 747 2968 quibus
775 2883 907 2967 (lruquii
936 2883 1016 2950 fides
1047 2889 1143 2965 atque
1171 2882 1292 2947 veritas

107 2986 295 3057 infirmetur.
340 2995 481 3060 Primum
513 2997 595 3060 enim
625 2998 668 3061 ad
690 3017 715 3062 1.
739 2997 800 3075 ΙΠ,
824 2995 876 3075 81
906 2996 992 3076 apud
1016 2994 1189 3077 Oruquinm
1212 2992 1292 3057 baec

106 3098 264 3166 adnotata
285 3103 452 3186 leguntur:
484 3109 658 3185 „sermonis
679 3109 710 3170 in
735 3108 847 3172 Bland.
870 3107 1032 3174 codicibus
1054 3123 1112 3186 per
1133 3104 1149 3167 I
1172 3102 1290 3166 maius-

107 3207 216 3272 enlum
239 3213 479 3295 scriptumest,
502 3219 585 3299 quod
609 3217 674 3283 fere
697 3219 747 3284 vel
770 3220 815 3283 111
837 3219 886 3284 111
910 3239 942 3282 11
966 3216 1084 3282 11111”.
1129 3213 1190 3280 Sed
1215 3211 1292 3295 quid

106 3315 190 3382 haec
205 3321 372 3388 adnotatio
389 3325 460 3390 miri
476 3327 595 3393 habeat
610 3347 669 3392 non
686 3327 845 3411 intellego.
882 3327 996 3407 Quivis
1012 3327 1095 3392 enim
1112 3325 1161 3389 vir
1177 3325 1292 3388 doctus

105 3447 168 3494 non
193 3431 320 3513 ignorat
335 3453 435 3518 usque
457 3438 498 3501 ad
515 3456 597 3503 saec.
613 3438 667 3502 XI.
690 3440 720 3504 in
745 3440 906 3505 codicibus
928 3438 1013 3502 haud
1037 3454 1109 3502 raro
1132 3435 1142 3498 l
1165 3433 1291 3516 longam

88 3541 259 3623 reperiri,
282 3549 319 3609 ut
342 3546 393 3626 ,in‘
415 3548 569 3630 scriptum
593 3550 637 3614 sit
658 3579 701 3602 =
723 3551 774 3632 ,ln’
788 3554 851 3630 18).
895 3552 1010 3632 ltaque
1039 3549 1120 3613 banc
1150 3545 1290 3610 litteram

101 3651 228 3717 invenit
244 3653 412 3736 Crnquius,
434 3676 568 3742 cumque
581 3663 763 3742 genetivum
780 3661 924 3728 hocloco
946 3651 1007 3725 non
1024 3661 1182 3742 quadrare
1205 3664 1291 3723 recte

101 3763 314 3844 perspiceret,
336 3767 469 3832 formam
493 3771 665 3846 ,1111111111ἱ
687 3772 824 3853 putabat
847 3790 915 3837 esse
938 3771 1155 3835 accusativum
1178 3770 1210 3834 in
1234 3768 1290 3847 ,is'.

100 3870 173 3937 Nec
197 3874 312 3941 Batavi
328 3879 426 3944 verba
448 3881 544 3961 ,quod
558 3879 625 3946 lere
641 3882 694 3947 vel
716 3883 762 3947 cis
782 3882 833 3947 vel
856 3904 888 3947 es
911 3881 1008 3947 notat’
1028 3881 1075 3946 ita
1090 3889 1165 3947 sunt
1191 3881 1290 3944 inter·

99 3987 280 4067 pretanda,
309 3995 346 4052 ut
367 3989 400 4054 in
429 3990 591 4056 codicibus
612 3992 792 4059 Blandiniis
820 4011 945 4075 semper
967 3993 1167 4059 accusativos
1188 3990 1220 4055 in
1244 3989 1290 4069 ,is’

99 4101 155 4165 vel
180 4098 233 4179 ,es’
256 4118 313 4180 per
335 4100 346 4163 l
367 4100 496 4182 longum
520 4102 655 4183 scriptos
678 4101 775 4168 luisse
803 4104 987 4192 colligatur,
1017 4105 1073 4171 scd
1096 4104 1157 4169 hoc
1179 4103 1288 4167 modo:

99 4213 183 4293 ,und
207 4210 265 4274 das
280 4211 360 4275 wird
376 4210 456 4276 wohl
479 4213 525 4276 cis
540 4241 583 4265 =
599 4234 631 4278 ea
653 4213 777 4280 heissen
798 4216 916 4294 sollen’,
938 4216 958 4280 i.
981 4235 1008 4280 e.
1031 4216 1106 4296 ,und
1130 4215 1188 4280 das
1210 4216 1289 4280 wird

100 4317 314 4328 ..ρ-...ῳ

216 4350 248 4428 2)
272 4349 308 4408 ef.
332 4350 542 4424 Wattenbaeh,
565 4351 733 4427 Anlaitung
754 4373 809 4412 111
829 4354 1028 4414 lateinischan
1043 4354 1288 4432 Palaeographn'e,

97 4480 129 4536 p.
157 4464 188 4520 8.
