3118 5060
578 228 793 292 ..19-

105 399 215 479 ,lecula'
239 399 313 482 (sat.
336 399 378 482 Π,
400 396 477 481 8,9),
501 398 541 463 de
556 396 716 478 scriptura
738 396 926 477 ,Quinctius’
948 400 1010 478 (ep.
1027 396 1052 478 Ι,
1076 398 1170 479 16,1),
1194 398 1275 480 aliis,

106 509 213 576 codicis
229 508 258 573 V
273 509 546 592 orthographiam,
567 524 665 587 quam
683 505 892 587 appellamus,
914 525 1102 589 cognoscere
1116 527 1178 574 non
1201 527 1274 590 pos·

106 619 203 686 simus.
247 618 361 702 Itaque
389 619 422 684 in
444 619 499 684 illo
523 617 630 684 codice
650 620 759 681 utrum
789 616 945 698 scriptum
974 617 1072 684 fuerit
1101 620 1143 682 ad
1170 625 1231 684 sat.
1253 621 1279 700 Ι,

107 730 168 808 1,81
190 727 323 810 ,afflixit’
346 749 388 795 an
410 727 554 810 ,adflixit'
576 727 745 792 obscurum
761 734 818 792 est
861 729 929 794 Iam
946 730 1009 794 duo
1031 730 1185 810 exempla,
1207 731 1277 812 qui·

104 839 157 904 bus
177 847 373 921 quantopere
396 840 555 922 cruquiue
584 838 759 918 neglexerit
781 856 832 904 res
853 839 1118 922 orthographicas
1139 839 1278 905 illustre·

105 957 166 1032 tur,
194 951 349 1031 praebent
371 971 436 1032 eac,
461 969 541 1030 quas
564 949 675 1015 attulit
697 949 849 1016 lectiones
871 953 913 1014 ad
936 969 984 1032 ep.
1007 951 1096 1032 531:
1128 948 1280 1032 ,lolchos',

105 1062 194 1126 etad
216 1069 277 1128 sat.
299 1061 348 1142 11,
372 1062 459 1143 hil:
491 1059 673 1144 ‚phymurn’.
717 1061 804 1138 Quas
834 1077 951 1141 pravas
979 1062 1155 1142 scripturas
1185 1068 1220 1126 ut
1247 1061 1280 1125 in

105 1172 206 1238 codice
227 1171 256 1236 V
278 1172 377 1240 fuisse
399 1172 623 1250 concedamus
653 1171 754 1236 coacti
777 1187 840 1235 non
859 1187 986 1251 sumus,
1008 1189 1082 1236 nam
1105 1189 1176 1238 cum
1199 1172 1279 1238 Gru·

106 1282 192 1361 quius
215 1281 363 1362 ,Jolchos'
385 1289 526 1365 opponat
551 1282 729 1362 scripturae
755 1280 920 1361 ,Colchos’,
950 1281 1124 1363 ‚phymum’
1152 1282 1282 1347 lectioni

104 1393 264 1476 pyrgum,
294 1411 425 1474 prorsus
455 1393 499 1458 nil
531 1393 660 1473 exponit
690 1393 730 1456 de
762 1393 1000 1474 orthographia.
1045 1395 1092 1457 hc
1129 1412 1168 1458 ne
1204 1401 1283 1475 puto

104 1505 228 1583 quidem
260 1506 453 1586 scripturam
486 1502 668 1585 ,phymum’‚
700 1523 781 1586 quae
811 1504 897 1569 nullo
930 1504 1038 1570 codice
1071 1506 1194 1570 tradite
1223 1517 1281 1587 est,

102 1615 195 1680 luisse
231 1617 263 1680 in
303 1617 481 1682 Blandinio.
527 1616 644 1680 Verum
680 1615 838 1694 quomodo
874 1615 992 1679 iactum
1031 1616 1092 1695 sit,
1129 1626 1166 1681 ut
1204 1616 1282 1681 Oru-

104 1727 195 1804 quius
217 1726 289 1790 illas
310 1743 402 1791 voces
430 1733 498 1790 tam
521 1743 617 1805 prave
647 1725 820 1802 scriberet,
849 1725 1000 1789 facillime
1022 1733 1071 1790 est
1100 1737 1281 1807 perspectu.

105 1835 237 1902 Videtur
252 1840 335 1902 enim
351 1837 502 1902 lemmata
517 1836 690 1916 sumpsisse
713 1854 729 1900 e
751 1833 950 1900 contentu
972 1837 1173 1917 autiquae
1193 1839 1282 1902 edi·

101 1948 248 2024 tionis,
281 1965 345 2028 qua
375 1947 407 2010 iu
434 1946 670 2014 commentariis
702 1947 769 2010 suis
802 1946 1037 2012 conscribendis
1069 1948 1117 2011 uti
1150 1948 1283 2027 solebat,

100 2059 249 2140 cuiusque
270 2065 393 2123 textum
416 2058 629 2123 Horatianum
651 2058 701 2121 vel
724 2075 785 2120 uon
816 2063 975 2122 mutatum
998 2057 1048 2122 vel
1079 2059 1282 2125 mediocriter

99 2179 274 2234 correctum
301 2170 333 2232 in
367 2187 426 2234 sua
455 2170 594 2234 editione
626 2168 866 2250 exprimendum
896 2167 1039 2234 curabat.
1083 2171 1196 2251 ltaque
1225 2173 1282 2250 eis,

100 2295 178 2358 quos
194 2279 449 2358 memoravimus,
470 2263 559 2346 locis'
568 2280 600 2345 in
617 2281 724 2345 codice
746 2278 888 2343 Viuisse
910 2279 1029 2358 ,Iolcos'
1053 2287 1086 2344 et
1108 2280 1282 2361 ,phimum’,

100 2406 159 2450 non
175 2387 329 2467 ,Colchos'
353 2409 410 2456 nec
432 2389 589 2472 ‚pyrgum'
611 2391 771 2466 docemur,
794 2406 906 2454 verum
925 2391 1082 2471 quomodo
1098 2393 1169 2471 ipsa
1183 2391 1282 2457 verba

97 2499 216 2579 scripta
237 2499 368 2581 t'uerint,
388 2503 450 2568 etsi
465 2521 591 2568 summa
606 2519 677 2566 cum
693 2500 811 2566 fiducia
832 2503 981 2567 contendi
1005 2508 1150 2584 nequeat,
1173 2509 1281 2568 tamen
1334 2583 1339 2592 Ι

101 2611 176 2689 quin
201 2628 275 2674 vera
297 2613 457 2693 scriptura
479 2615 511 2679 io
534 2630 570 2678 eo
593 2612 708 2693 tuerit,
740 2613 799 2677 vir.
815 2612 932 2678 debeat
958 2614 1030 2695 quis
1059 2615 1206 2681 dubitare
1222 2617 1283 2696 16).

185 2722 330 2804 Denique
346 2726 496 2788 momenti
510 2742 572 2788 non
588 2725 741 2789 levissimi
757 2724 821 2788 alia
842 2743 894 2790 res
909 2731 960 2789 est
973 2731 1008 2788 et
1021 2727 1094 2806 ipsa
1116 2728 1160 2790 ad
1174 2725 1282 2792 ortho-

96 2831 269 2911 graphicas
286 2834 426 2899 rationes
441 2843 599 2915 spectans.
627 2833 744 2899 Merito
759 2833 843 2898 enim
860 2834 1061 2900 hduetzellius
1076 2836 1108 2918 (l.
1124 2835 1144 2900 l.
1160 2854 1191 2917 p.
1204 2838 1282 2920 860)

94 2942 269 3008 admodum
292 2945 424 3010 dubium
459 2963 529 3010 esse
557 2944 801 3023 animadvertit,
829 2963 903 3010 num
934 2965 1044 3012 revera
1067 2947 1227 3029 Oruquius
1249 2948 1282 3013 in

94 3054 239 3135 antiquis
261 3057 422 3122 codicibus
451 3066 501 3123 tot
531 3057 730 3122 accusativos
753 3059 784 3122 ln
815 3056 881 3139 ,eis‘
903 3056 1078 3139 invenerit,
1109 3063 1188 3141 quot
1208 3077 1282 3139 pro-

94 3165 184 3228 tulit.
228 3166 293 3230 Nec
322 3173 428 3230 tamen
459 3168 536 3233 hacc
566 3186 618 3232 res
647 3167 721 3232 talis
750 3175 818 3249 est,
847 3186 930 3249 quae
960 3169 991 3233 in
1022 3159 1154 3251 Oru'quii
1182 3167 1278 3232 fidem

94 3273 241 3340 conferat
262 3277 482 3357 suspicionem.
513 3277 596 3342 Nam
628 3295 698 3343 cum
721 3280 970 3360 quotiescunque
992 3299 1010 3344 e
1032 3282 1140 3346 codice
1163 3280 1278 3346 Divaei

95 3387 180 3452 tales
210 3387 327 3454 formas
358 3390 578 3456 insolentiores
608 3388 757 3470 protulit,
786 3391 818 3453 in
847 3390 917 3472 ipso
946 3393 1053 3458 codice
1081 3394 1281 3460 accusativos

92 3497 201 3564 fuisse
219 3500 251 3564 in
274 3501 327 3579 ,es'
351 3502 511 3569 Matthiae
534 3501 569 3584 (l.
592 3501 627 3584 l.)
658 3502 945 3582 demonstraverit,
974 3503 1071 3568 etiam
1094 3506 1126 3569 in
1149 3505 1280 3570 Blandi-

93 3609 159 3673 niis
190 3611 418 3692 manuscriptis
452 3613 510 3678 hos
542 3613 710 3678 verborum
742 3613 846 3678 exitus
868 3615 1029 3680 exstitisse
1052 3617 1137 3680 haud
1160 3625 1280 3682 temere

69 3707 277 3786 concludas.
321 3723 436 3804 Itaque
459 3722 617 3804 Oruquius
640 3725 746 3790 studio
777 3727 915 3807 quodam
947 3733 1042 3806 atque
1072 3745 1178 3792 amore
1208 3747 1280 3795 ora-

91 3832 195 3895 tionis
217 3833 379 3898 obsoletae
401 3843 515 3916 captus
538 3836 700 3901 inusitatis
721 3836 786 3901 illis
806 3836 917 3902 formis
939 3855 1017 3902 usus
1043 3838 1172 3903 videtur
1201 3857 1280 3906 esse.

93 3943 190 4018 Quae
214 3963 286 4010 cum
308 3945 356 4012 ite
378 3944 457 4028 sint,
487 3945 602 4026 quibus
623 3946 701 4012 locis
722 3947 753 4012 in
784 3947 891 4014 codice
914 3949 943 4016 V
964 3946 1085 4014 fuerint
1106 3951 1279 4015 accusativi

91 4055 127 4118 in
153 4055 211 4134 ,is‘,
233 4058 349 4138 quibus
370 4057 403 4123 in
425 4056 489 4138 ,es’,
511 4059 575 4122 iam
591 4060 771 4126 discernere
794 4079 854 4125 non
877 4079 1057 4143 possumus,
1079 4062 1114 4126 id
1136 4061 1220 4142 quod
1243 4079 1280 4126 co

89 4168 203 4248 magis
225 4177 275 4232 est
297 4170 485 4249 dolendum,
515 4172 600 4254 quod
621 4171 690 4237 fieri
721 4173 845 4253 potuit,
879 4179 914 4238 ut
937 4173 1096 4253 Oruquius
1118 4171 1279 4236 interdum

90 4272 304 4280 *—

209 4306 241 4385 6)
264 4303 410 4368 Similiter
433 4311 578 4370 sehabet
606 4312 696 4371 lectio
720 4311 837 4389 ,Gygas'
860 4310 898 4389 (c.
922 4311 972 4385 11,
998 4310 1119 4388 17‚14):
1143 4311 1180 4368 cf.
1203 4329 1280 4388 quac

87 4412 179 4470 infra
202 4414 240 4470 ad
261 4413 343 4471 hunc
363 4413 462 4471 locum
485 4415 702 4474 adnotabimus.

1028 4524 1046 4577 2
1056 4512 1076 4550 ld
