3118 5060
735 265 947 332 ..52-

254 435 295 500 dt
325 454 400 502 vero
429 435 546 501 iniuria
576 440 673 517 atque
702 434 862 502 immerito
884 433 1031 504 Kellerus
1054 435 1151 517 (Epil.
1173 453 1205 516 p.
1227 431 1316 513 835)
1349 431 1431 497 (lru-

252 546 362 629 quium
385 545 540 627 genuinas
562 550 688 611 tantum
711 545 872 611 Blandiuii
902 545 1119 628 antiquissimi
1148 545 1299 611 lectiones
1320 548 1432 624 protu-

246 657 346 737 lisse,
377 674 496 739 pravas
526 655 674 722 consulto·
701 660 800 738 atque
833 657 1032 723 considerate
1062 657 1227 722 reticuisse
1258 653 1432 735 contendit,

251 769 333 833 Nam
357 773 394 833 ut
415 768 480 833 alia
501 767 625 847 omnia,
649 784 731 848 quae
752 766 806 832 ille
829 767 879 832 vir
901 768 1014 834 doctus
1036 769 1079 833 ad
1100 767 1195 833 huius
1216 765 1334 832 codicis
1356 783 1432 830 auc·

252 879 416 944 toritatem
438 878 687 961 impugnandam
721 878 872 959 protulit,
903 878 950 945 ita
980 897 1019 944 ne
1050 879 1111 945 hoc
1140 878 1270 961 quidem
1302 877 1432 942 demon·

254 990 367 1068 strari,
388 1007 499 1055 serum
522 987 625 1055 refelli
647 993 764 1070 potest.
808 991 857 1054 An
881 988 952 1072 quis
974 995 1069 1071 putat
1092 989 1265 1071 cruquinm
1288 986 1430 1054 consulto

252 1119 316 1182 ess,
340 1119 419 1184 quaa
439 1119 498 1182 pro
519 1099 610 1165 falsis
631 1099 780 1178 habebat,
802 1099 920 1166 codicis
942 1100 971 1165 V
993 1100 1143 1166 lectiones
1164 1118 1236 1165 cum
1258 1099 1433 1166 lectoribus

252 1211 486 1278 communicare
507 1211 663 1290 noluisse,
685 1227 756 1276 eum
778 1211 869 1276 idem>
887 1211 935 1276 vir
957 1211 1142 1293 saepissime
1164 1209 1326 1276 Blandinii
1347 1209 1433 1274 snti-

254 1324 398 1405 quissimi
430 1322 479 1388 vel
508 1323 648 1388 omnium
671 1303 910 1387 Blandiniorum
941 1323 1135 1405 scripturam
1167 1323 1296 1388 disertis
1325 1320 1432 1387 verbis

254 1434 424 1501 reiecerit‘?
448 1433 501 1512 (ci.
523 1435 565 1499 ad
588 1451 614 1498 e.
637 1434 662 1512 Ι,
686 1431 778 1514 21,5;
808 1432 921 1513 27,19;
950 1453 976 1501 c.
1000 1433 1059 1514 111,
1083 1435 1171 1514 10,6;
1202 1453 1252 1516 ep.
1276 1435 1365 1513 2,18;
1389 1431 1430 1497 sl.

254 1545 360 1627 mult.)
413 1545 519 1626 Atque
548 1545 629 1608 adeo
661 1543 835 1626 Oruquium
865 1542 965 1610 falsas
992 1545 1144 1611 lectiones
1174 1564 1236 1610 non
1265 1545 1433 1610 reticuisse

254 1656 415 1738 suspicor,
444 1661 480 1719 ut
502 1655 586 1720 hunc
609 1655 712 1720 virum
740 1673 866 1736 omnes,
899 1673 981 1736 quae
1003 1674 1023 1718 a
1046 1655 1187 1736 vulgatis
1215 1656 1433 1737 discedebant,

254 1767 399 1848 inprimis
421 1767 571 1833 attulisse
599 1774 777 1846 autumem,
808 1766 929 1832 scilieet
951 1773 990 1832 ut
1011 1767 1152 1833 codicem
1179 1773 1245 1834 tam
1266 1771 1433 1848 praestan·

252 1885 316 1944 tem
339 1879 416 1944 viris
438 1878 541 1944 doctis
563 1896 659 1960 quam
686 1877 929 1960 diligentissime
950 1882 1047 1958 atque
1070 1878 1289 1961 copiosissime
1312 1879 1431 1944 descri-

251 1990 350 2055 beret.
395 1988 514 2055 contra
527 1989 691 2070 plurimas,
714 2007 794 2071 quae
809 1988 886 2068 quin
909 1989 1065 2071 genuinae
1087 1994 1264 2070 essentne
1286 1989 1430 2056 dubitari

253 2180 333 2240 enim
350 2179 465 2240 codices
488 2179 635 2241 exhibent
657 2183 813 2256 ,donsbst'‚
837 2179 889 2239 alii
906 2201 973 2240 cum
992 2181 1151 2242 Blandinio
1176 2181 1327 2255 ,donarst’‚
1352 2169 1433 2260 quod

253 2281 408 2342 Bentlsius
424 2302 485 2341 non
499 2288 582 2343 reate
599 2275 732 2344 mutavit
749 2283 781 2354 in
804 2283 958 2357 ,donaret'.
970 2318 1009 2329 -
1033 2285 1079 2343 Aa
1095 2285 1239 2344 Lehrsius
1258 2284 1380 2364 quidem
1403 2289 1435 2344 et

254 2383 437 2444 Ribbeckius
455 2405 561 2444 versus
581 2389 705 2444 31-32
729 2407 745 2446 e
767 2390 855 2445 textu
869 2389 1073 2460 removerunt,
1097 2386 1168 2466 quia
1187 2384 1325 2447 Maenius
1348 2385 1432 2446 omni

254 2483 383 2564 pecunia
404 2489 562 2564 absumpta
583 2491 630 2547 tot
652 2487 764 2547 cibaria
782 2487 814 2545 in
837 2489 963 2547 macello
988 2508 1087 2547 emere
1107 2488 1169 2546 ism
1191 2509 1252 2548 nou
1273 2487 1432 2567 potuisset,

254 2592 286 2647 et
306 2587 330 2645 ii
354 2586 413 2665 ipsi
435 2607 541 2648 versus
562 2587 608 2647 nil
631 2588 714 2648 aliud
736 2609 800 2649 esse
822 2587 1001 2650 viderentur
1022 2589 1082 2648 nisi
1104 2591 1199 2649 stulta
1219 2590 1431 2668 interpretatio

253 2709 396 2749 versuum
419 2695 458 2749 26
482 2695 514 2749 et
536 2689 575 2749 27
598 2691 787 2766 glossematis
812 2692 879 2752 loeo
908 2692 1067 2770 adscripta.
1113 2691 1228 2751 Volunt
1257 2691 1353 2768 igitur
1380 2691 1429 2751 illi

254 2790 315 2853 riri
338 2791 418 2852 docti
440 2812 548 2854 versus
565 2799 690 2852 26-30
714 2797 746 2852 et
768 2794 892 2852 33-37
916 2813 976 2854 uno
1001 2793 1156 2855 emundato
1180 2794 1348 2872 complecti.
1372 2795 1432 2854 Sed

256 2893 300 2954 sic
329 2897 491 2956 vorborum
521 2899 673 2956 structura
699 2895 789 2954 nimis
819 2897 855 2955 fit
883 2897 1014 2956 dursac
1042 2898 1178 2956 molesta.
1222 2896 1322 2956 Aliter
1350 2899 1432 2955 hurra

255 2997 355 3056 locum
385 2995 546 3056 restituere
576 3003 700 3057 conatus
730 3002 776 3056 est
802 2997 1031 3072 Doederlinius,
1062 2999 1114 3079 qui
1142 2999 1257 3077 recepit
1287 2999 1432 3072 ,donant'

254 3101 367 3175 puncto
389 3097 489 3176 posito
511 3102 581 3176 post
602 3098 737 3171 ,saevus',
768 3098 908 3159 semicolo
931 3105 1000 3178 post
1026 3101 1136 3173 ‚avaro'
1168 3105 1201 3161 et
1221 3101 1254 3160 in
1275 3120 1367 3163 versu
1391 3107 1431 3160 33

255 3198 324 3272 ,hic'
346 3203 461 3258 mutato
484 3199 517 3258 in
540 3199 639 3274 ‚hinc',
669 3205 704 3259 ut
725 3203 801 3261 haec
832 3206 911 3262 esset
933 3203 1100 3263 sententis:
1132 3207 1300 3282 ,postquam
1331 3203 1434 3264 omnia

254 3301 356 3362 ventri
377 3301 519 3362 donarit'.
563 3302 712 3383 Equidem
734 3324 811 3378 nego
835 3324 909 3382 opus
933 3325 997 3364 esse
1024 3309 1132 3383 poetae
1154 3308 1248 3366 verba
1271 3305 1432 3380 corrigere.

253 3403 359 3482 Neque
382 3403 462 3463 enim
476 3424 582 3466 versus
606 3411 642 3465 ³1
661 3404 824 3486 quidquam
847 3405 917 3464 miri
938 3409 1040 3480 habet,
1063 3407 1134 3487 quia
1156 3419 1227 3466 cum'
1245 3409 1334 3487 paulo
1350 3407 1434 3466 infra

253 3505 399 3566 Horatius
429 3507 622 3585 expositurus
652 3514 746 3580 esset,
777 3513 919 3588 quantam
950 3509 1066 3586 copiam
1095 3507 1234 3569 Maenius
1263 3509 1434 3570 eduliorum

253 3607 379 3680 vorarit,
401 3611 478 3668 bene
510 3629 577 3669 sum
607 3611 761 3688 appellare
789 3614 909 3687 poterat
934 3613 1105 3687 perniciem,
1141 3619 1350 3687 tempestatem,
1381 3611 1434 3669 ba-

252 3710 385 3766 rathrum
409 3713 532 3769 mucelli.
579 3711 692 3772 Versus
708 3716 808 3772 autem
826 3712 995 3774 tricesimus
1018 3713 1165 3773 sccundus
1188 3732 1249 3772 non
1270 3713 1314 3773 ita
1336 3713 1433 3773 inter-

251 3813 414 3888 pretandus
437 3818 500 3885 est,
533 3820 607 3873 uta
632 3814 748 3874 Maenio
780 3835 898 3875 omnem
929 3834 994 3874 rem
1022 3815 1202 3875 familiarem
1236 3815 1339 3877 ventri
1364 3837 1433 3874 esse

253 3914 353 3970 datam
375 3912 572 3989 intellegatur
595 3916 678 3995 (quis
700 3917 744 3976 sic
765 3917 911 3976 Horatius
934 3917 980 3977 bis
1001 3917 1082 3977 idem
1105 3917 1263 3995 dixisset),
1288 3919 1339 3977 sed
1361 3938 1433 3980 ver·

253 4016 361 4074 tendus
384 4021 431 4074 est
451 4018 509 4076 hoo
530 4019 636 4077 modo:
661 4039 740 4092 „was
764 4039 797 4077 er
820 4018 884 4078 sich
906 4021 1072 4078 verschafft
1093 4023 1192 4094 hatte,
1215 4022 1267 4080 das
1290 4022 1375 4079 hatte
1398 4041 1436 4079 er

253 4119 330 4176 auch
353 4119 445 4178 sehon
468 4120 717 4194 versohlungen''.
762 4120 810 4180 sis
833 4119 946 4197 optime
977 4122 1052 4180 haec
1075 4125 1169 4184 verba
1190 4122 1437 4200 interpretantur

138 4233 142 4238 ·
257 4219 466 4279 antecedentia
495 4223 680 4293 ,barathrum
708 4223 845 4281 macelli'.
891 4223 1052 4298 (Exempla
1081 4225 1171 4282 huius
1202 4225 1434 4302 plusquamper-

251 4320 325 4379 fecti
347 4322 492 4400 temporis
523 4343 595 4382 usus
618 4322 688 4384 vids
718 4324 798 4402 apud
827 4325 1022 4416 Kiihneruur,
1052 4326 1209 4386 Ausfdhrl.
1233 4327 1361 4386 Gremm.
1386 4328 1435 4401 II,

252 4445 283 4504 p.
309 4421 378 4496 107,
402 4424 443 4499 3.)
466 4459 506 4468 -
882 4419 885 4426 ’
