3118 5060
624 269 816 335 ..9.-

131 459 279 543 leguntur
301 457 501 540 comprobari
525 456 701 537 aOruquio
723 456 831 521 licebit
855 454 1012 536 colligere.
1056 453 1145 529 Quae
1168 469 1238 516 cum
1259 449 1307 515 ita

132 571 201 649 sint,
225 575 303 651 quot
322 569 473 635 lectiones
495 570 594 634 onius
610 567 773 633 Blandinii
795 567 828 630 in
844 571 997 647 quattuor
1014 563 1189 629 carminum
1208 562 1307 627 libres

130 681 301 762 receperit,
331 686 410 761 quot
439 679 605 758 refutarit,
640 679 727 744 haud
759 676 889 742 difficile
920 675 988 742 erui
1019 675 1147 756 peterit.
1202 675 1307 753 Atque

130 793 225 856 unios
255 790 418 855 Blandinii
448 790 641 869 scripturam
673 788 736 854 sibi
767 788 938 870 displicere
961 786 1080 852 diserte
1102 783 1243 850 affirmat
1264 785 1306 848 ad

130 924 153 970 e.
168 902 193 983 1,
215 903 326 981 27,18;
351 901 392 982 ΙΙ,
417 901 525 980 19,20;
548 901 606 982 ΙΠ,
631 899 741 980 15,16;
763 899 820 979 IV,
843 899 873 980 5,
897 898 925 963 t.
947 897 1133 962 ⁴Praeterea
1153 894 1306 961 tredecim

130 1013 205 1080 locis
227 1013 326 1077 unios
348 1011 467 1077 codicis
488 1011 655 1078 lectionem
685 1031 705 1075 a
727 1009 865 1092 Oruquio
888 1028 948 1073 non
973 1005 1171 1096 comprobari
1193 1025 1211 1070 e
1233 1024 1305 1071 con·

131 1131 235 1189 textus
256 1123 416 1212 scriptura
438 1121 629 1188 abhorrente
652 1121 771 1187 elucet:
795 1141 820 1187 c.
837 1122 862 1199 Ι,
888 1121 994 1200 19,12;
1017 1118 1128 1197 31,14;
1150 1117 1191 1198 ΙΙ,
1214 1117 1304 1195 2,13;

128 1235 193 1314 4,6;
227 1233 285 1314 ΙΙΙ,
306 1233 398 1313 4,38;
428 1233 521 1312 4,bl;
552 1231 642 1312 5‚51;
673 1233 762 1311 6303
794 1232 905 1311 23,19;
935 1231 1025 1312 26,9;
1049 1229 1215 1309 27,4;1V,
1238 1228 1304 1304 273

129 1344 178 1425 at
192 1346 254 1424 ¹²).
297 1341 461 1408 Habemus
483 1343 583 1424 igitur
605 1339 821 1424 septendecim
843 1343 942 1408 wotos
963 1339 1124 1405 Blandinii
1145 1337 1304 1415 lectiones

128 1473 206 1537 quae
228 1474 248 1521 a
270 1453 410 1535 cruquio
432 1458 637 1535 spernuntur,
659 1454 715 1518 sed
738 1458 805 1519 tres
827 1457 964 1534 tantum,
992 1469 1073 1533 quse
1096 1447 1303 1530 comproban-

129 1571 196 1630 tur:
221 1583 246 1629 e.
262 1567 288 1644 I,
311 1565 424 1646 35,39;
446 1565 537 1643 36,1;
560 1565 605 1645 Π,
630 1565 709 1646 14,5.
755 1564 809 1630 Sin
832 1564 963 1629 eandem
988 1562 1038 1627 vel
1053 1558 1188 1625 similem
1207 1557 1304 1622 ratio·
1405 1629 1409 1636 ,

129 1697 198 1741 nem
221 1677 306 1741 inter
327 1677 425 1741 unios
446 1674 608 1739 Blandinii
631 1675 782 1740 lectiones
811 1694 831 1740 a
855 1673 994 1756 cruquio
1016 1673 1168 1755 probatas
1190 1675 1223 1734 et
1244 1670 1303 1734 im-

127 1787 279 1869 probatas
301 1787 398 1853 etiam
421 1787 454 1850 in
477 1784 550 1851 aliis
572 1785 702 1852 Horatii
723 1786 813 1851 libris
834 1785 933 1850 fuisse
955 1788 1136 1849 statuamus
1151 1781 1212 1864 1³),
1234 1779 1303 1844 lieri

127 1899 181 1962 vix
202 1898 380 1978 potuisset,
412 1897 486 1977 quin
512 1896 672 1977 Oraquius
703 1897 781 1962 bene
803 1898 843 1961 de
865 1895 983 1960 codicis
1005 1895 1033 1960 V
1057 1898 1173 1958 natura
1195 1891 1302 1956 existi·

125 2028 212 2074 mare
243 2009 420 2086 desineret,
452 2009 480 2074 si
511 2027 626 2074 revera
655 2008 728 2073 illas
750 2009 927 2087 scripturas
956 2007 989 2070 in
1018 2007 1079 2070 hoc
1102 2003 1209 2069 codice
1232 2020 1302 2083 rep·

124 2118 268 2199 perisset.
313 2120 431 2185 Contra
453 2139 527 2186 reru
550 2139 670 2200 paucas
685 2119 758 2184 illas
773 2118 934 2196 lectiones,
956 2136 1036 2198 quas
1059 2136 1096 2181 ex
1118 2137 1184 2180 orco
1205 2113 1302 2178 Blan-

124 2230 211 2294 dinlo
233 2235 399 2310 excerptas
431 2235 543 2296 contra
565 2229 699 2294 aliorum
723 2230 876 2295 librorum
899 2245 1084 2295 consensum
1107 2223 1302 2306 comprobat,

127 2345 212 2405 certe
232 2329 397 2405 Blandinii
420 2341 634 2421 antiquissimi
657 2341 851 2405 auctoritate
873 2338 1025 2416 fulsisset,
1056 2339 1084 2403 si
1105 2336 1180 2402 huic
1203 2336 1300 2400 debu·

126 2451 207 2518 isset
238 2450 291 2531 (cf.
314 2453 356 2516 ad
386 2471 411 2516 c.
433 2453 477 2532 H,
504 2452 591 2533 r4,5;
622 2450 785 2532 ep.9,1l;
817 2451 926 2533 12,22;
956 2448 1200 2529 sat.1,4,112;
1231 2449 1300 2528 5,1;

126 2563 236 2643 10,68;
268 2568 328 2627 sat.
350 2562 392 2642 II,
414 2561 505 2644 3,96;
535 2563 648 2641 3,212;
679 2563 709 2644 3,
733 2562 811 2642 322;
844 2583 873 2627 a.
895 2581 926 2642 p.
949 2560 1037 2644 349).
1082 2561 1160 2623 Tum
1183 2559 1211 2623 si
1233 2559 1300 2624 Me-

124 2674 238 2738 nesius
261 2673 295 2754 (l.
318 2672 337 2736 l.
360 2692 391 2754 p.
415 2673 471 2749 60)
495 2673 557 2737 etsi
579 2681 645 2738 tres
668 2673 753 2744 locos
777 2678 850 2752 (sat.
871 2672 897 2752 Ι,
921 2671 1074 2753 2,9t;11,
1097 2672 1162 2750 3,4;
1186 2690 1235 2751 ep.
1257 2670 1299 2750 ΙΙ,

124 2783 301 2866 2,216)1⁴)
324 2801 400 2847 suae
424 2782 563 2864 opinioni
588 2801 765 2864 repugnare
788 2783 889 2847 videri
911 2783 1039 2847 minime
1062 2787 1170 2862 neget,
1193 2790 1299 2846 tamen

123 2911 195 2958 cum
226 2893 323 2958 alium
354 2893 475 2958 nullum
504 2892 608 2958 locum
640 2893 814 2972 irmenerit,
845 2893 900 2975 qui
929 2892 1106 2958 sententiae
1135 2911 1212 2957 suae
1239 2910 1299 2955 non

121 3008 287 3084 congruat,
310 3022 417 3069 ornnes
439 3007 539 3071 onius
553 3004 716 3069 Blandinii
731 3003 884 3070 lectiones
900 3004 999 3071 codici
1015 3004 1063 3069 illi
1077 3004 1298 3086 antiquissime

120 3115 285 3194 assignare
316 3133 377 3178 non
407 3115 554 3195 dubitat,
587 3113 794 3180 difficultates
823 3113 1000 3180 sententiae
1032 3133 1107 3179 suae
1137 3113 1299 3195 oppositas

122 3223 207 3286 male
231 3222 378 3302 neglexit.
422 3223 474 3288 Nil
505 3225 576 3290 dico
607 3227 647 3289 dc
670 3225 801 3308 Oruquii
826 3227 931 3291 verbis
954 3228 995 3290 ad
1018 3235 1080 3292 sat.
1103 3225 1144 3305 ΙΙ,
1166 3226 1218 3306 3,4
1240 3227 1297 3291 ad-

120 3333 251 3413 notatis,
274 3334 390 3416 quippe
413 3355 495 3417 quae
511 3335 700 3402 difficultate
718 3336 948 3417 quodammodo
964 3337 1093 3401 liberari
1115 3355 1208 3418 posse
1230 3337 1298 3417 ipse

118 3443 396 3512 demonstraverit.
430 3446 484 3512 Sin
505 3447 590 3514 idem
613 3448 664 3513 vir
679 3449 792 3512 doctus
814 3446 882 3513 fieri
904 3466 997 3528 posse
1012 3454 1117 3528 negat,
1140 3455 1176 3511 ut
1192 3447 1298 3528 verba,

208 3716 258 3792 12)
281 3714 403 3793 (lruquii
425 3715 517 3771 verba
538 3717 574 3772 ad
597 3735 620 3774 c.
644 3715 702 3786 111,
727 3720 807 3785 6,*22,
831 3716 942 3792 quippe
964 3734 1040 3793 quae
1063 3716 1188 3774 multum
1212 3717 1295 3775 dubi-

115 3817 242 3876 tationis
263 3818 395 3873 habeant
417 3815 466 3889 (cf.
490 3817 640 3874 Muetzell.
665 3816 684 3872 l.
707 3816 725 3872 l.
749 3836 777 3892 p.
803 3816 876 3891 863)
899 3836 1019 3890 prorsus
1043 3818 1220 3876 omittamus.

210 3917 258 3995 13)
281 3918 459 3993 Saepissime
474 3919 562 3975 etiam
578 3920 609 3974 in
625 3919 867 3976 adnotationibus
882 3920 918 3976 ad
931 3920 1108 3994 Epodorum,
1125 3921 1295 3994 Satirarum,

114 4019 320 4094 Epistularum
350 4019 443 4077 libros
475 4020 562 4077 unius
592 4019 741 4077 Blandinii
764 4021 919 4078 lectionem
944 4021 1031 4098 plane
1055 4023 1165 4081 reiecit.
1211 4027 1294 4084 Eius·
1408 4045 1411 4052 ’

115 4121 201 4176 modi
223 4121 279 4178 loci
297 4131 382 4180 sunt:
406 4142 452 4197 cp.
475 4122 558 4194 10,7;
584 4127 669 4197 11,4;
699 4127 782 4194 16,8;
806 4132 858 4181 eut.
875 4123 901 4196 Ι,
926 4130 1011 4195 2,81;
1035 4129 1122 4196 3,56;
1143 4127 1183 4198 ΙΙ,
1211 4133 1293 4201 1‚31;

115 4225 207 4293 6‚84;
232 4223 318 4292 7,80;
342 4243 386 4299 ep.
410 4225 435 4296 Ι,
466 4229 527 4301 Ι,6;
551 4231 635 4296 6,50;
662 4229 770 4297 14,11;
793 4245 816 4284 a.
841 4245 870 4300 p.
894 4226 921 4284 7..

209 4321 258 4398 14)
282 4323 389 4382 Omisit
410 4327 570 4385 Mewesius
599 4329 679 4386 hune
708 4329 820 4387 locum:
854 4349 878 4386 a.
913 4349 941 4404 p.
966 4335 1034 4388 294.
1059 4309 1285 4406 ,praesectum

111 4424 158 4483 sie
182 4425 287 4500 legunt
308 4426 366 4484 duo
389 4428 452 4485 cod.
472 4427 587 4500 Bland,
609 4447 687 4487 unus
709 4449 776 4488 cum
798 4426 911 4510 antiq.'’
