3118 5060
601 284 813 348 ...43-

203 459 291 536 Quae
313 473 383 522 cum
407 453 454 520 ita
476 454 551 534 sint,
573 455 713 522 codicem
735 455 764 521 V
782 473 842 520 non
865 471 935 521 esse
957 459 1024 520 tam
1046 454 1178 520 mixtum
1201 460 1299 538 atque

124 567 336 650 compositum,
359 565 463 646 qualis
485 585 523 630 ex
545 565 666 634 Kelleri
688 565 846 632 sententia
868 566 970 632 videri
991 566 1109 648 possit,
1132 567 1189 632 sed
1210 566 1298 630 baud

123 679 264 762 ambigue
297 678 340 744 ad
369 676 506 759 primam
540 681 574 742 at
602 679 775 744 secundam
808 676 961 743 familiam
994 695 1126 760 vergere
1158 677 1231 742 loce
1262 676 1301 743 fit

122 789 232 855 clarius
245 791 306 866 Η).
349 787 467 854 Verum
490 805 573 870 quae
595 807 612 854 e
635 788 734 855 tertia
754 787 876 854 familia
898 787 1098 854 intraverunt
1119 786 1299 867 scripturae

122 919 179 966 non
200 904 276 966 sunt
296 904 364 964 tam
386 898 516 978 multae,
538 898 624 966 unde
645 899 723 982 quid
745 900 926 980 argumenti
947 900 990 964 sit
1011 900 1202 981 petendum,
1224 899 1301 981 quia

123 1014 195 1090 quot
217 1014 315 1077 codex
337 1009 526 1076 Blandinius
548 1009 635 1074 illius
663 1009 775 1076 classis
796 1009 925 1076 exhibet
955 1008 1109 1076 lectiones
1130 1014 1180 1075 tot
1202 1009 1301 1074 etiam

121 1121 152 1184 in
172 1121 251 1186 alios
273 1137 381 1186 omnes
398 1119 525 1184 Horatii
540 1118 638 1186 libros
661 1119 798 1202 scriptos
819 1121 1027 1202 irrepserunt.
1070 1119 1194 1184 Deinde
1216 1119 1302 1186 hunc

122 1230 256 1296 codicem
278 1230 310 1295 in
334 1228 467 1313 singulis
489 1230 616 1296 Horatii
638 1221 729 1298 libris
751 1251 790 1297 ne
817 1232 924 1296 varias
954 1230 1082 1311 quidem
1104 1229 1302 1311 manuscrip-

121 1344 221 1405 torum
249 1339 367 1406 classes
399 1341 504 1422 sequi,
536 1343 593 1408 aad
622 1349 747 1426 semper
776 1342 873 1409 trium
907 1341 1101 1407 familiarum
1134 1340 1305 1421 scripturis

120 1470 215 1533 aeque
237 1450 304 1517 fere
326 1470 397 1518 esse
419 1453 624 1533 permixtum,
646 1452 849 1522 manifestum
872 1453 997 1535 est⁴⁶).
1019 1488 1061 1498 —

671 1650 744 1732 §a

202 1780 359 1858 Quoniam
385 1783 486 1865 igitur
507 1785 635 1852 Kellero
666 1786 785 1852 codicis
807 1785 967 1852 Blandinii
996 1783 1221 1852 auctoritatem
1253 1781 1302 1848 iu-

119 1893 255 1976 fringere
278 1893 407 1982 minime
429 1896 601 1977 contigisse
622 1915 725 1979 neque
747 1897 921 1980 quidquem
944 1914 1013 1962 esse
1035 1893 1303 1960 demonstraveri-

118 2023 197 2083 mus,
219 2022 276 2069 cur
297 2022 370 2069 eum
391 2024 453 2072 non
472 2006 647 2074 referamus
668 2009 701 2074 in
725 2025 856 2074 numero
878 2007 929 2072 uel
952 2005 1157 2088 optimorum,
1177 2005 1242 2070 iam
1266 2021 1302 2068 eo

117 2115 376 2196 progrediamur,
404 2121 442 2180 ut
470 2117 660 2197 quibusnam
689 2119 784 2185 rebus
819 2118 890 2184 aliis
925 2117 1087 2183 codicibus
1115 2113 1303 2180 Horatianis

117 2226 275 2307 permulto
298 2225 433 2292 excellat
463 2227 665 2309 explicemus.
709 2229 832 2309 Quoia
861 2245 992 2294 munere
1020 2225 1213 2310 perficiendo
1235 2243 1302 2290 ma·

119 2355 256 2418 gnopere
271 2337 461 2405 adiuvamur
483 2339 528 2405 eis
543 2339 721 2421 scripturis,
743 2358 834 2420 quae,
857 2356 928 2404 cum
951 2337 982 2403 in
999 2356 1061 2403 uno
1084 2337 1193 2405 codice
1208 2335 1304 2400 Blan-

120 2447 207 2513 dinio
230 2447 453 2531 antiquissimo
475 2451 669 2532 exstiterint,
692 2450 868 2517 cuiusmodi
890 2449 935 2516 sit
956 2449 1025 2516 eius
1049 2453 1182 2527 natura,
1204 2465 1304 2531 quan·

118 2561 237 2625 tumvis
259 2567 347 2628 carte
369 2566 466 2644 atque
487 2560 578 2628 firme
600 2561 816 2630 manifestant.
859 2561 961 2644 Atqui
975 2560 1045 2643 ,hae
1065 2560 1154 2642 ipsae
1177 2559 1305 2626 minime

206 2810 258 2887 44)
283 2807 417 2874 Quacum
438 2831 472 2871 ra
495 2811 610 2890 optimc
634 2813 802 2885 concordat,
825 2811 903 2892 quod
926 2831 965 2870 ne
980 2809 1159 2870 Blandinius
1182 2809 1300 2889 quidam

119 2913 216 2972 codex
238 2911 368 2972 exhibet
382 2917 449 2974 octo
465 2913 534 2975 illos
549 2933 665 2988 versus,
689 2914 741 2994 qui
762 2913 796 2972 in
819 2913 891 2973 satis
912 2912 1017 2972 multis
1040 2911 1149 2972 tertiae
1169 2912 1303 2972 familiae

116 3015 207 3076 libris
232 3020 302 3075 ante
324 3015 471 3076 decimam
493 3016 587 3096 primi
608 3016 681 3077 libri
704 3017 827 3076 satiram
848 3017 1001 3092 leguntur.
1024 3049 1065 3058 —

207 3117 261 3194 45)
282 3117 336 3176 Nil
357 3137 406 3178 me
435 3119 619 3182 adiuverunt
648 3119 824 3193 graecanica
853 3120 909 3178 illa
937 3119 1086 3180 vocabula
1105 3117 1139 3178 in
1161 3118 1315 3178 Horatia·

85 3263 95 3280 .
117 3239 231 3279 norum
254 3218 420 3278 carminum
443 3219 693 3299 inscriptionibus
709 3221 829 3294 tradita,
852 3241 928 3300 quac
944 3219 1147 3294 Kicsslingius
1169 3221 1306 3298 (118118-

114 3323 304 3383 ratianorum
327 3322 493 3382 carminum
521 3321 771 3400 inscriptionibus
801 3322 1119 3396 commentatiuncula,
1157 3322 1305 3402 Gryphia-

115 3425 207 3488 wald.
236 3424 298 3484 ind.
329 3425 399 3484 1881.
430 3431 502 3486 aest.
529 3424 623 3504 1876)
655 3431 686 3484 81
714 3425 872 3484 Eduardus
894 3425 1028 3484 Zarnclre
1060 3423 1118 3501 (De
1147 3425 1304 3486 vocabulis

114 3527 302 3604 graecaniois
330 3547 407 3606 quae
435 3529 598 3588 traduntur
626 3528 659 3587 in
689 3526 941 3605 inscriptionibus
971 3525 1138 3595 carminum
1161 3527 1304 3588 Horatia·

114 3651 236 3704 norum,
259 3633 452 3704 Argentorat.
479 3634 569 3690 1880.
586 3664 628 3674 —
650 3631 744 3703 Idam,
767 3629 917 3690 Waiteres
933 3632 1009 3690 iiber
1032 3629 1081 3689 die
1097 3635 1303 3705 sogcnannten

114 3734 268 3792 vocabula
300 3730 476 3806 graecanica
504 3731 549 3790 in'
568 3734 626 3792 den
649 3731 898 3792 Uaborsohriftan
929 3733 983 3791 dar
1012 3732 1218 3793 Horanischon
1248 3733 1304 3793 Ge·

114 3833 232 3907 dichte,
256 3833 368 3892 11111181.
390 3833 538 3894 Fleckeis.
568 3839 656 3912 1881,
679 3855 707 3912 p.
727 3834 907 3912 785-801)
924 3835 962 3892 ad
985 3831 1102 3894 codices
1117 3833 1149 3893 in
1171 3835 1303 3894 familias
1359 3842 1360 3845 ’

113 3936 344 3997 distribuendos
371 3934 583 3996 adhibuerunt.
627 3937 705 3996 Nam
736 3956 802 3996 cum
825 3935 974 4017 Oruquius
998 3936 1183 4016 (Epodornm
1207 3939 1252 3996 ed.
1276 3959 1302 3997 8.

117 4030 213 4113 1587,
237 4061 265 4118 p.
291 4038 342 4115 18)
364 4039 419 4098 1118
441 4039 624 4113 graecanica,
649 4045 898 4120 quaerebantur,
922 4041 1069 4100 vocabula
1091 4059 1151 4098 non
1174 4039 1262 4098 modo
1286 4062 1304 4101 8

113 4141 307 4215 Blandiniis,
338 4141 505 4202 sedetiam
529 4162 545 4201 8
568 4141 752 4202 Buslidr'anis
775 4148 807 4203 81
829 4141 981 4202 0811181111
1013 4140 1165 4202 codicibus
1194 4144 1304 4202 hausta

110 4244 272 4323 professus
295 4243 351 4316 sit,
381 4244 482 4304 omnia
505 4262 580 4323 quac
601 4245 635 4304 in
658 4245 842 4306 aditionibus
864 4243 1045 4324 Gruquianis
1078 4244 1205 4318 singulis
1239 4264 1302 4304 car-

110 4346 252 4406 minibus
274 4346 409 4423 praefixa
429 4346 589 4419 leguntur,
619 4368 692 4406 num
714 4347 873 4407 referenda
896 4347 958 4406 sint
980 4347 1018 4406 ad
1041 4345 1157 4408 codices
1180 4347 1302 4408 Blandi-

109 4450 183 4510 nios
207 4449 368 4510 admodum
390 4447 516 4510 dubium
539 4453 593 4510 est.
618 4483 658 4496 -
