3118 5060
689 250 900 316 ..16-

759 422 831 502 er.

286 559 517 658 Nonnunquam
547 559 706 638 Oraquius
739 558 806 623 solo
840 557 1026 640 compendio
1060 557 1125 622 cod.
1156 555 1279 622 Blca'd
1308 575 1385 637 pro·

202 672 322 736 miscue
347 671 452 735 utitur
475 671 568 734 modo
592 688 650 751 pro
672 668 835 750 plurali
858 669 898 752 (c.
915 670 940 747 Ι,
954 671 1021 750 4,1;
1046 667 1156 750 13,19;
1178 669 1268 748 25,5;
1292 669 1364 750 383
1376 689 1384 748 ;

202 801 226 847 c.
243 782 284 863 11,
308 782 375 862 9,Ι;
401 780 490 860 10,2;
516 779 839 859 14,27;111,24‚60;
863 799 911 861 ep.
933 781 960 860 Ι,
984 779 1054 862 2,5;
1076 782 1134 860 31;
1157 782 1247 861 5,17;
1274 781 1382 861 10,13;

201 892 312 971 20,13;
343 911 424 973 ap.
448 891 520 972 54),
551 891 645 955 modo
667 909 725 972 pro
747 890 964 973 singulari
987 910 1118 956 nurnero
1140 892 1180 971 (c.
1203 891 1382 972 111,5,23;

200 1009 261 1068 sat.
277 1003 319 1082 ΙΙ,
342 1003 432 1084 2‚91;
456 1003 545 1084 Ι,9Ι;
569 1020 617 1081 ep.
634 1001 660 1079 Ι,
685 1001 795 1085 16,3;),
819 1003 912 1067 medo
934 1002 982 1067 ita
1004 1009 1041 1067 ut
1062 1003 1134 1083 quis
1155 1021 1307 1068 numerus
1329 1003 1382 1082 sit,

202 1114 342 1196 perspici
364 1119 503 1195 nequeat
523 1119 562 1188 (c.
585 1113 612 1194 Ι,
634 1111 723 1193 3,36;
756 1112 865 1193 15,28;
887 1113 997 1193 28,30;
1019 1114 1129 1193 35,19;
1161 1133 1187 1180 c.
1210 1115 1379 1196 111,4,31;

201 1225 269 1304 7,4;
299 1245 348 1306 ep.
371 1224 396 1305 Ι,
418 1224 494 1306 2,4).
524 1259 565 1269 -
594 1223 746 1289 Attamen
778 1222 829 1288 bis
858 1224 935 1289 locis
965 1225 1065 1290 multo
1096 1225 1300 1291 verisimilius
1329 1233 1379 1291 est

203 1336 376 1415 cruquium
408 1335 488 1399 illud
519 1323 739 1413 compendium
772 1352 832 1415 pro
862 1335 978 1416 plurali
1010 1353 1106 1415 quam
1136 1353 1195 1416 pro
1224 1336 1378 1417 singulari

199 1466 329 1512 numero
364 1446 523 1528 posuisse,
556 1464 654 1525 quare
688 1443 746 1510 bas
780 1445 931 1509 lectiones
964 1445 1133 1510 Blandinio
1163 1447 1379 1512 vetustissimo

200 1557 340 1622 tribuere
370 1556 414 1620 nil
444 1555 566 1619 dubito.
611 1555 658 1620 Ac
688 1575 726 1618 ne
757 1561 909 1636 quattuor
941 1557 1068 1637 quidem
1098 1557 1171 1620 illas
1192 1557 1378 1638 scripturae,

199 1687 278 1750 quas
302 1667 438 1731 codicem
460 1665 677 1731 Blendiac'am
699 1664 846 1730 exhibere
870 1666 1026 1746 Oruquius
1049 1673 1203 1746 testatur,
1225 1668 1326 1734 codici
1347 1669 1378 1734 V

198 1779 428 1842 abiudicandas
444 1794 565 1856 censeo,
588 1777 663 1856 quia
684 1777 748 1841 illis
770 1776 847 1841 locis
867 1779 965 1842 verba
988 1779 1053 1842 cod.
1068 1778 1191 1843 Blcad.
1214 1786 1375 1859 tamquam

197 1881 267 1952 κατ’
291 1883 403 1974 ἐξοχήν
424 1906 481 1967 pro
505 1887 684 1968 ,Blandinio
699 1887 926 1952 vetustissinno’
946 1889 1088 1968 posuisse
1103 1890 1260 1955 videatur.
1304 1890 1376 1954 Huc

198 1999 333 2080 accedit,
365 1999 449 2078 quod
472 1997 630 2077 Oraquius
653 1999 704 2062 ad.
728 2016 754 2062 c.
776 1998 833 2075 ΙΙΙ,
856 1997 934 2079 523
962 2001 993 2062 in
1018 1999 1083 2063 cod.
1106 1999 1229 2064 Blcad.
1252 2000 1375 2080 ,clusus'

197 2129 266 2174 esse
288 2110 462 2189 antiquo
485 2127 571 2194 more
594 2109 769 2174 adnotavit

284 2221 458 2294 Praeterea
480 2221 520 2285 iis
543 2219 634 2301 locis,
657 2220 773 2302 quibus
796 2221 859 2286 deo
881 2229 920 2298 tc.
943 2223 985 2302 ΙΙ,
1010 2222 1098 2305 13,8;
1129 2223 1183 2303 IV,
1207 2224 1303 2301 130),
1323 2224 1373 2288 rel
1420 2231 1426 2238 “

201 2337 264 2397 tres
286 2338 359 2410 (sat.
381 2333 423 2413 Π,
446 2332 511 2413 2,3)
534 2331 695 2397 Blandiuii
718 2332 921 2413 appellantur
942 2335 1155 2411 uetustissimi,
1178 2352 1238 2398 non
1262 2335 1372 2399 dubito

199 2443 304 2508 lacere
334 2461 405 2507 curu
436 2441 674 2507 Hirschfeldero
704 2449 737 2506 et
768 2443 931 2524 Menesie,
961 2446 1016 2525 qui
1046 2445 1219 2526 Gruquium
1249 2465 1308 2526 per
1336 2465 1373 2509 ea

198 2553 297 2617 verba
326 2554 421 2617 etiam
444 2553 647 2617 Blandiniurn
677 2554 817 2618 codicem
847 2556 1101 2636 antiquissimum
1131 2557 1297 2637 complecti
1321 2576 1373 2621 vo·

195 2663 293 2728 luisse
326 2681 512 2743 persuasum
547 2662 675 2728 babent.
716 2700 757 2710 —
796 2665 895 2729 Porro
929 2684 1131 2748 quascunque
1172 2669 1203 2732 in
1236 2669 1373 2751 qaedam

197 2774 305 2839 codice
327 2773 495 2839 Blandinio
525 2783 581 2838 aut
611 2775 642 2838 in
666 2774 787 2840 docebas
808 2776 1001 2842 Blaadlac'is
1023 2777 1181 2858 Oraquius
1202 2797 1236 2844 se
1259 2779 1372 2858 legisse

196 2883 337 2949 affirmat
359 2885 545 2965 scripturas,
568 2903 627 2950 nou
653 2887 840 2951 tribuendas
863 2905 933 2952 esse
955 2889 1056 2953 codici
1076 2889 1103 2954 V
1126 2889 1223 2955 verbo
1247 2898 1372 2954 neusse

196 2995 276 3059 satis
300 2994 411 3058 habeo.
438 3032 477 3040 -
509 2995 653 3076 Denique
675 3015 755 3076 ques
779 2998 809 3061 in
833 2998 980 3064 omnibus
1001 3000 1069 3080 fere
1091 2999 1253 3066 codicibus
1275 3000 1371 3065 fuisse

196 3105 348 3169 lectiones
379 3105 537 3185 Oruquius
570 3108 722 3186 tradidit,
755 3110 851 3173 etiarn
888 3111 918 3174 in
951 3109 1119 3175 Blandiuio
1149 3111 1368 3192 antiquissimo
1469 3153 1472 3160 ,

195 3217 356 3280 exstitisse
378 3217 472 3282 valde
493 3223 543 3282 est
565 3219 745 3285 verisimile.
791 3219 853 3285 Sed
877 3223 1025 3302 quoniam
1051 3241 1108 3302 pro
1132 3227 1219 3288 certo
1242 3221 1369 3302 probari

195 3327 256 3392 hoc
279 3328 406 3408 nequit,
434 3329 583 3411 posthac,
606 3349 676 3396 cum
700 3350 807 3396 ornnes
830 3333 947 3410 codicis
970 3333 997 3397 V
1020 3333 1170 3398 lectiones
1192 3351 1369 3412 congeram,

195 3437 327 3517 singulis
347 3439 407 3504 hoc
429 3440 598 3507 adnotabo.

747 3617 819 3694 §a

280 3745 469 3815 Blandinius
491 3751 589 3816 codex
605 3752 841 3818 vetustissimus
864 3772 934 3818 cnm
961 3753 1033 3835 igue
1049 3760 1254 3841 consumptus
1275 3760 1367 3834 esset,

123 3951 126 3958 Ι
194 3858 380 3939 priusquam
404 3859 561 3940 Oruquius
584 3865 624 3926 ad
648 3881 755 3928 omnes
771 3864 897 3929 Horatii
920 3865 1019 3931 libros
1042 3867 1182 3930 edendos
1203 3866 1369 3931 accederet

194 3968 238 4051 (p.
254 3969 327 4050 308,
350 3975 392 4051 a),
414 3972 589 4053 quaeritur,
613 3992 686 4038 num
708 3972 838 4055 Cruquii
860 3974 934 4040 fidei
957 3995 995 4040 ac
1017 3976 1202 4058 diligentiae
1224 3978 1305 4042 adeo
1326 3977 1369 4042 sit

193 4077 423 4162 confidendum,
445 4089 482 4146 nt
505 4101 543 4146 ea
558 4085 673 4163 omnia,
695 4103 777 4165 quae
799 4105 838 4151 ex
860 4087 914 4150 illo
931 4087 1038 4152 codice
1054 4087 1234 4168 protulerit,
1255 4107 1368 4153 revera

191 4186 291 4254 fuisse
320 4191 351 4254 in
382 4212 419 4257 eo
448 4211 634 4275 persuasum
667 4195 784 4260 babere
813 4199 980 4276 possimus.
1025 4198 1094 4262 Iam
1117 4215 1187 4263 cunr
1211 4199 1366 4263 neminem

193 4318 210 4363 e
243 4298 374 4381 cruquii
406 4304 592 4384 aequalibus
623 4324 660 4368 ac
692 4325 730 4369 ne
760 4306 904 4373 inimicos
935 4309 1062 4390 quidem
1094 4309 1271 4388 integritati
1300 4309 1369 4372 eius

191 4409 252 4478 viri
282 4410 463 4479 obtrectare
495 4434 589 4480 ausos
621 4435 690 4482 esse
722 4418 887 4484 Menesius
918 4425 1005 4486 recte
1036 4419 1219 4501 exposuerit
1247 4417 1367 4502 (Ueber
