3118 5060
595 297 807 362 ..41-

122 469 306 536 deterrimas
338 487 447 536 uerum
477 469 631 552 optimas,
664 469 697 535 in
734 468 848 550 quibus
886 466 996 548 ,albae'
1036 466 1112 550 (sat.
1128 467 1172 546 11,
1194 466 1294 548 8,88),

123 577 293 658 ,secundee’
324 579 399 662 (sat.
422 582 465 661 Il,
494 581 600 663 4,44),
630 580 729 664 ,fugio
757 597 904 662 campum
935 580 1103 663 lusumque
1129 576 1296 662 trigoncm’

120 690 188 770 (sat.
204 691 231 770 Ι,
253 690 362 776 6126)
385 691 481 773 paulo
499 692 583 758 inira
600 690 899 758 demonstrabimus.
943 690 1117 758 Praeterea
1133 689 1295 770 scriptura

119 799 232 880 ,dexus’
257 804 298 884 (c.
320 803 381 883 IV,
412 803 499 887 621)
529 803 686 885 probatur
714 803 755 868 ab
787 801 934 884 Hauptio
965 809 998 869 et
1020 803 1096 868 Luc.
1132 799 1295 878 Muellero,

122 931 250 994 quorum
273 913 414 978 virorum
436 914 563 997 ingenio
585 915 665 981 adeo
688 932 749 978 non
772 912 899 995 diffido,
927 918 965 978 61
987 931 1057 979 eam
1080 911 1214 978 habeam
1237 927 1295 992 pro

122 1023 297 1090 verissima.
340 1025 469 1091 Necnon
492 1025 524 1090 in
546 1025 679 1108 reliquis
702 1025 921 1107 reperiuntur,
944 1041 1027 1104 quae
1049 1023 1169 1090 avinis
1192 1022 1296 1086 doctis

122 1140 176 1200 aut
197 1140 348 1217 receptae
378 1139 696 1203 autcommendatae
719 1139 793 1202 sint.
816 1171 858 1201 6-
881 1135 1005 1214 Quibus
1026 1135 1122 1201 rebus
1144 1134 1297 1215 expositis

121 1264 137 1310 e
159 1249 227 1310 tota
248 1245 304 1311 illa
325 1246 471 1328 congerie
488 1253 611 1313 restant
629 1247 852 1328 paucissimae,
875 1264 955 1328 quas
977 1243 1093 1310 merito
1115 1244 1186 1327 quis
1209 1244 1299 1309 dicat

119 1357 330 1439 pravissimas.
381 1359 487 1438 Quare
516 1357 693 1438 Kellernm,
725 1357 871 1438 quamvis
903 1356 949 1422 sit
978 1357 1008 1421 ei
1040 1355 1168 1421 odiosus
1198 1356 1296 1420 codex

119 1468 315 1551 Blandinins,
338 1488 398 1535 non
421 1475 500 1550 puto
523 1487 592 1535 esse
615 1475 682 1534 tam
703 1469 857 1551 iniquum,
880 1473 918 1533 ut
938 1467 1013 1532 huic
1034 1466 1117 1533 libro
1138 1483 1199 1530 non
1223 1483 1297 1531 con-

118 1580 213 1644 donet
233 1579 293 1644 has
314 1581 366 1646 uel
387 1579 460 1646 illas
482 1581 635 1647 lectiones
658 1585 843 1663 corruptas,
866 1595 937 1644 cum
960 1596 1114 1660 nusquam
1137 1583 1296 1643 terrarum

118 1689 296 1770 reperiatur
317 1692 425 1772 codex,
448 1693 502 1774 qui
523 1710 586 1757 non
609 1692 711 1774 magis
734 1673 884 1758 minusve
899 1691 942 1756 sit
962 1691 1167 1771 depravatus.

672 1862 744 1942 sa

200 1997 346 2064 Tertium
362 1997 483 2064 Kelleri
498 2002 722 2080 argumentum
740 1997 878 2080 petitum
900 2002 951 2065 661
972 2015 1010 2062 ex
1032 2016 1079 2078 ea,
1102 2014 1166 2078 qua
1188 2013 1297 2060 omues

115 2109 240 2176 codices
256 2109 450 2175 Horatianos
467 2109 705 2176 distribuendos
727 2114 836 2176 censet
854 2109 988 2176 ratione.
1031 2107 1113 2172 Nam
1137 2126 1208 2173 cum
1231 2110 1297 2172 tres

117 2221 261 2285 codicum
292 2219 412 2286 classes
444 2219 544 2286 616161
575 2224 673 2300 atque
702 2220 841 2287 discerni
870 2237 965 2301 posse
993 2219 1183 2297 arbitretur,
1213 2237 1298 2298 eum,

116 2331 171 2413 qui
194 2331 364 2398 Blandinio
386 2330 469 2396 libro
495 2331 527 2396 in
551 2331 752 2398 recensendis
774 2330 901 2396 Horatii
923 2329 1117 2396 carminibus
1139 2347 1296 2396 summam

115 2443 240 2509 tribuat
267 2441 493 2509 auctoritatem
526 2461 586 2508 non
619 2442 772 2524 optimam
804 2443 947 2510 codicum
976 2440 1147 2522 familiam,
1184 2459 1296 2508 verum

114 2554 184 2620 sine
213 2554 279 2619 ullo
309 2553 439 2622 consilio
467 2572 505 2620 66
532 2553 655 2643 ratione
687 2555 780 2620 modo
808 2553 961 2634 primam,
991 2554 1083 2618 modo
1112 2553 1296 2633 secundam,

113 2665 208 2730 modo
238 2665 368 2732 tertiam
390 2665 481 2746 sequi
503 2664 644 2732 affirmat
667 2665 701 2749 (l.
724 2665 744 2730 l.
766 2685 798 2747 p.
821 2664 910 2747 803).
933 2701 974 2712 --
998 2666 1044 2731 Ac
1065 2665 1203 2747 primum
1226 2665 1296 2745 qni·

114 2777 189 2840 dem
212 2781 280 2842 tres
302 2776 446 2844 codicum
469 2774 609 2842 familias
630 2782 757 2843 exstare
779 2795 880 2858 neque
903 2776 976 2842 61116
997 2776 1075 2840 viris
1097 2776 1200 2842 doctis
1223 2775 1298 2841 Kel-

114 2887 202 2952 lerus
231 2886 326 2971 plane
354 2889 516 2970 persuasit
546 2887 601 2972 (cf.
625 2888 684 2953 Ad.
706 2886 884 2969 Kiessling,
918 2887 1079 2954 Deutsche
1101 2887 1297 2952 Litteratur-
1404 2953 1408 2962 ,

114 2998 247 3082 zeitung
270 2999 369 3080 1881,
399 3000 549 3083 p.1038;
582 3005 616 3066 61
638 2999 713 3064 Luc.
746 2997 887 3065 Mueller.
911 2998 943 3062 in
973 2997 1073 3081 praei.
1106 2999 1219 3066 Horat.
1243 2999 1293 3065 ed.
1346 3007 1348 3012 ’

111 3130 140 3177 6.
166 3110 260 3192 1819,
283 3130 315 3192 p.
338 3109 491 3195 VI-X),
520 3129 538 3175 e
574 3112 643 3192 ipse
664 3129 760 3193 quam
783 3111 906 3178 incerta
927 3115 1013 3177 esset
1034 3110 1114 3176 haec
1135 3128 1187 3175 res
1209 3110 1297 3176 hisce

110 3220 221 3286 verbis
252 3219 425 3286 concessit:
461 3221 531 3300 „Da
561 3220 613 3287 die
643 3221 894 3287 Handschriften
923 3222 1106 3288 stmmtlich
1136 3240 1177 3286 an
1207 3221 1297 3286 mehr

109 3332 192 3396 oder
221 3331 358 3413 ueniger
389 3331 628 3414 ausgebildeter
649 3333 902 3416 inconsequens,
932 3351 972 3398 an
1003 3332 1297 3417 eingeschlichenen

108 3443 267 3508 Lesarten
299 3444 437 3509 anderen
468 3441 598 3508 Classen
627 3442 789 3524 hranken,
821 3462 856 3508 so
887 3443 930 3508 ist
963 3444 1052 3509 nicht
1082 3443 1195 3508 immer
1225 3445 1296 3510 eine

108 3561 242 3636 strenge
273 3554 459 3634 Sonderung
493 3553 641 3635 mbglich.
693 3553 828 3620 Manche
860 3554 1108 3620 Handschriften
1141 3556 1213 3622 sind
1246 3556 1297 3621 bei

107 3665 190 3730 zwei
212 3664 459 3731 verschiedenen
483 3665 612 3731 Classen
637 3664 848 3744 anzufiihren,
869 3665 905 3746 ja
927 3683 967 3730 an
992 3661 1152 3732 einzelnen
1176 3666 1295 3732 Stellen

107 3774 280 3840 schwankt
311 3793 406 3856 sogar
438 3775 572 3841 manche
594 3773 817 3856 1Handschrift
849 3776 950 3841 selbst
983 3797 1023 3842 zu
1052 3777 1144 3858 jener
1175 3779 1296 3842 dritten

106 3884 221 3951 Classe
243 3885 389 3965 hindber,
411 3885 548 3952 welcher
570 3887 616 3952 sie
639 3889 729 3952 sonst
753 3887 811 3951 mit
828 3886 1032 3968 Consequens
1055 3887 1155 3952 iremd
1179 3907 1295 3970 66666-

105 3997 301 4067 616661666.
340 3997 385 4062 Es
415 3997 458 4064 ist
488 3998 555 4062 also
588 3998 668 4063 aller
698 3998 758 4063 mit
787 3999 908 4080 einiger
930 4001 1071 4064 Reserve
1100 4019 1138 4064 zu
1162 3999 1296 4064 nehm'en

103 4109 175 4172 und
208 4110 341 4175 niemals
372 4111 457 4175 kann
490 4110 560 4175 eine
592 4109 960 4194 einzige'4Handsch1ift
992 4112 1041 4177 als
1072 4111 1196 4176 sichero
1218 4111 1295 4175 Ver-

103 4220 245 4286 treterin
267 4220 355 4286 einer
371 4221 481 4288 Classe
496 4221 674 4302 gebraucht
691 4223 815 4288 werden
833 4224 913 4289 etc.“
935 4221 947 4297 l
948 4242 980 4305 p.
997 4223 1084 4306 792).
1110 4261 1147 4268 -
1173 4222 1296 4290 Deinde

103 4332 165 4414 qui
190 4331 354 4397 Kellernm
376 4332 538 4398 Blandinii
570 4332 688 4400 codicis
720 4332 900 4399 defensores
922 4335 990 4399 sine
1012 4333 1077 4400 ullo
1101 4334 1231 4400 consilio
1253 4337 1295 4401 ad

103 4443 240 4510 Horatii
273 4443 415 4510 carmina
445 4446 639 4510 recensenda
669 4447 820 4511 accedere
841 4443 1087 4527 exprobrantem
1110 4446 1215 4528 ipsum
1238 4451 1295 4511 aut

106 4571 241 4637 semper
271 4559 328 4622 aut
350 4560 436 4623 certe
464 4556 653 4641 plerumque
676 4556 816 4623 eiusdem
839 4555 980 4624 familiae
1002 4557 1156 4626 lectiones
1178 4560 1298 4624 cetera·
