3118 5060
585 239 798 304 ..47-

112 415 170 496 ,ac'.
211 411 387 480 Lambinus
416 414 524 476 autem
555 407 685 488 scripsit
708 404 769 487 ,ct'.
814 405 932 470 Verum
964 403 1005 469 ab
1026 395 1088 470 bac
1115 397 1286 482 scriptura,

111 543 176 590 cum
196 543 235 589 ne
256 541 319 589 uno
341 519 470 603 quidem
492 517 601 582 codice
630 515 851 596 confirmetur,
879 515 954 579 licet
983 513 1104 594 optime
1136 513 1285 592 quadret,

112 632 368 715 proficiscendum
390 647 451 695 uon
475 629 546 702 erit.
591 627 813 706 Quaerendum
836 625 951 707 igitur,
985 631 1093 689 utrum
1116 621 1169 703 ,at'
1192 639 1287 706 prae-

110 744 267 810 ferendum
290 742 334 808 sit
352 761 392 806 an
407 739 473 822 ,ac’.
518 742 623 820 Atque
645 737 674 802 si
698 735 753 818 ,αι’
773 736 901 818 legitur,
923 735 1080 816 quomodo
1102 735 1135 799 in
1158 741 1283 799 antece-

58 905 61 912 ,
112 858 200 920 dente
226 871 321 920 versu
351 850 600 932 intellegendum
631 848 675 913 sit
705 846 776 926 ‚et’,
805 845 936 912 difficile
965 853 1015 912 est
1050 846 1149 911 dictu.
1201 843 1288 910 Illud

113 965 191 1032 enim
213 963 265 1046 ,et’
290 962 413 1028 duobus
434 960 537 1026 modis
565 961 771 1042 interpretari
793 977 978 1040 possumus:
1001 965 1059 1024 ant
1081 963 1183 1023 totam
1206 957 1288 1022 hanc

112 1076 256 1158 strophen
278 1073 430 1155 adiungit
445 1071 657 1150 antecedenti,
680 1077 738 1134 aut
758 1069 1010 1151 coniungendum
1033 1075 1083 1133 est
1098 1086 1169 1133 cunr
1192 1067 1289 1132 verbo

112 1183 245 1268 ,uaiido',
266 1191 305 1248 ut
332 1183 465 1249 eandem
494 1183 559 1247 vim
591 1182 710 1247 habeat
733 1190 831 1262 atque
862 1180 990 1263 ,etiam’.
1033 1182 1081 1245 Ac
1102 1181 1129 1244 si
1151 1179 1289 1260 priorem

113 1296 409 1378 interpretationem
439 1294 719 1375 amplecteremur,
754 1293 801 1358 sic
830 1299 916 1358 esset
946 1292 1148 1356 vertendum:
1192 1289 1289 1372 ,Mich

113 1407 230 1472 nahren
255 1406 385 1484 Oliven,
415 1404 500 1470 mich
531 1404 686 1470 Endivieu
718 1405 784 1468 und
813 1403 932 1469 leichte
952 1402 1090 1469 Malven.
1132 1402 1206 1467 Und
1236 1420 1290 1482 ge·

112 1523 208 1584 statte
239 1517 300 1582 mir
322 1517 442 1594 Diana,
473 1517 548 1580 dass
576 1515 629 1581 ich
658 1515 718 1580 das
740 1513 933 1580 Erworbene
961 1513 993 1578 in
1016 1513 1216 1579 Gesandheit
1237 1533 1291 1596 ge-

115 1631 215 1694 niesse
237 1626 306 1694 etc‘
350 1627 580 1709 Praeterquam
607 1645 683 1692 suro
712 1627 799 1706 quod
828 1627 875 1691 sic
903 1625 1064 1690 sententia
1093 1624 1292 1705 aliquantum

115 1739 203 1805 fieret
233 1739 403 1821 languida,
436 1738 514 1804 hacc
543 1738 748 1819 stropharum
779 1736 958 1803 coniunctio
988 1755 1027 1802 ne
1057 1735 1135 1801 ferni
1162 1735 1292 1817 quidem

112 1858 226 1933 potest.
270 1849 390 1916 Verum
417 1847 500 1914 enim
524 1867 633 1915 versus
658 1849 784 1914 14-16
813 1849 975 1930 pertinent
995 1849 1037 1914 ad
1059 1848 1292 1929 antecedentia,

112 1970 149 2029 ut
170 1961 325 2027 Horatius
347 1961 403 2042 iis,
431 1961 540 2044 quiin
563 1961 685 2028 divitiis
706 1977 865 2026 summum
887 1967 1009 2041 ponant
1031 1959 1163 2040 bonnm,
1185 1959 1288 2041 ipsius

113 2074 199 2140 vitae
230 2079 372 2156 opponat
403 2071 632 2156 frugalitatem.
676 2071 842 2136 Deindea
875 2089 970 2138 versu
1000 2071 1136 2152 septimo
1169 2071 1294 2136 decimo

113 2185 225 2264 incipit
245 2201 378 2266 prorsus
399 2201 482 2250 nova
504 2183 663 2250 sententia
684 2191 798 2264 poetae
820 2183 969 2248 adeuntis
992 2181 1148 2262 Dianam,
1179 2188 1216 2246 ut
1237 2199 1295 2246 va·

113 2296 177 2359 lido
208 2313 341 2377 corpore
370 2313 406 2362 se
440 2296 528 2362 bonis
562 2295 627 2360 frui
657 2301 690 2359 et
723 2295 850 2376 integra
881 2312 954 2360 cnm
985 2298 1091 2359 mente
1121 2294 1292 2360 iucundam

112 2412 308 2472 senectutem
336 2409 453 2490 degere
482 2408 636 2488 patiatur.
658 2443 700 2454 -
723 2407 841 2472 Contra
869 2407 924 2487 qui
952 2403 1005 2486 ,et’
1028 2406 1191 2488 coniungit
1221 2423 1292 2470 cum

111 2515 237 2598 ,valido’
260 2517 319 2584 hoc
334 2520 427 2583 modo
442 2520 557 2585 vertit:
580 2515 740 2600 ,Verieih’,
764 2519 840 2584 dass
855 2518 907 2584 ich
923 2519 982 2583 das
997 2518 1188 2583 Erworbene
1210 2516 1293 2583 anch

112 2630 144 2692 in
169 2627 370 2695 Gesundheit
393 2632 554 2710 geniesse,
583 2631 660 2696 abor
683 2665 724 2678 -
746 2631 816 2695 eine
839 2630 1104 2711 Einschrtnkung
1133 2640 1220 2694 musa
1241 2629 1292 2695 ich

113 2741 249 2806 muchen
265 2776 307 2788 -
325 2759 384 2804 nur
405 2739 549 2821 augleicb
572 2742 615 2805 im
638 2741 831 2806 Vollbesitze
853 2741 972 2806 meiner
994 2741 1150 2822 geistigen
1172 2739 1294 2806 Krbfte'

119 2851 307 2936 (Kellerus).
352 2850 415 2917 sen
437 2852 514 2932 quid
537 2851 617 2916 illud
641 2850 691 2933 ,et'
714 2853 775 2917 sibi
796 2853 886 2931 vetit,
908 2871 970 2917 non
993 2851 1201 2932 intellegitur,
1222 2870 1293 2918 cum

112 2969 212 3028 autea
241 2964 380 3028 nondum
411 2971 508 3044 poeta
535 2963 709 3044 quidquam
733 2964 879 3030 ahtana
908 2963 1047 3044 petierit.
1090 2963 1173 3028 Nam
1196 2981 1235 3028 ne
1256 2981 1294 3029 ea

112 3075 244 3155 quidem
267 3075 308 3139 de
329 3091 426 3140 causa
448 3073 500 3154 ,et’
521 3074 598 3140 ferri
620 3093 713 3156 posse
734 3075 880 3157 videtur,
903 3075 979 3156 quia
1001 3074 1155 3140 Horatius
1176 3076 1240 3140 iam
1263 3075 1296 3140 in

112 3185 378 3251 antecedentibus
401 3187 441 3250 de
470 3186 577 3264 bonis,
610 3186 727 3266 quibus
755 3186 896 3268 fruatur,
927 3187 1061 3268 dixerit,
1092 3191 1128 3252 ut
1150 3187 1230 3252 haec
1251 3187 1296 3252 sit

112 3296 291 3362 sententia:
323 3295 385 3377 ,ich
418 3297 539 3362 besitas
570 3297 620 3362 sin
653 3298 806 3378 mtssiges
829 3298 912 3376 Gut,
940 3297 1005 3363 lass
1035 3298 1119 3364 mich
1151 3297 1296 3364 dasselbe

112 3407 195 3472 aber
217 3406 300 3472 auch
323 3407 356 3472 in
372 3407 572 3474 Gesandheit
592 3407 776 3491 geniessen’.
819 3408 901 3474 Nam
924 3415 962 3474 ut
983 3411 1047 3474 iam
1063 3428 1160 3491 supra
1180 3410 1298 3489 monui,

112 3519 178 3584 hae
201 3519 381 3584 sententiae
403 3520 530 3586 omnino
545 3525 620 3585 sant
641 3521 865 3586 secernendae.
908 3520 1028 3586 Verum
1050 3522 1149 3586 etiam
1172 3526 1209 3586 nt
1224 3539 1297 3587 con·

113 3631 269 3696 cedamus
290 3629 371 3696 illud
393 3629 445 3708 ,et’
468 3650 538 3698 eam
560 3633 624 3697 uim
646 3633 774 3712 habere,
796 3639 833 3698 ut
854 3639 912 3699 aut
933 3633 1088 3715 adiungat
1109 3633 1192 3698 hanc
1214 3638 1297 3699 stro·

112 3741 203 3822 phen
233 3743 435 3808 antecedenti
464 3752 522 3810 ant
556 3745 639 3809 idem
670 3746 778 3810 valeat
804 3752 902 3826 atque
931 3742 1059 3827 ,etium’,
1090 3751 1197 3811 tamen
1226 3745 1298 3826 ipsa

112 3853 280 3918 sententia
309 3853 481 3919 admodum
513 3857 592 3920 mire
623 3856 751 3921 videtur
782 3857 862 3921 mihi
888 3875 1059 3948 expressa;
1089 3856 1202 3941 ,(Uud)
1233 3858 1298 3924 lass

111 3964 203 4030 mich
227 3965 286 4030 das
301 3963 490 4032 Eruorhene
505 3967 615 4049 (auctr)
639 3969 671 4033 in
686 3968 887 4034 Gesundheit
908 3970 1083 4049 geniessen,
1105 3968 1182 4033 aber
1204 3975 1298 4035 unter
1401 3980 1407 3994 ·

114 4077 176 4140 der
199 4077 406 4161 Bedingung,
429 4078 504 4144 dass
526 4079 579 4144 ich
600 4078 652 4145 bei
673 4079 788 4146 bellem
812 4081 989 4146 Verstande
1011 4081 1065 4146 bin
1089 4078 1155 4144 ...’
1188 4079 1299 4146 Nonne

111 4188 229 4268 potins
257 4195 483 4271 exspectantur
512 4190 591 4257 haec
619 4192 733 4258 verba:
763 4191 866 4273 ,velim
896 4196 930 4257 et
959 4191 1023 4256 frui
1055 4192 1145 4256 bonis
1176 4196 1300 4294 paratis

113 4298 230 4363 valido
251 4317 400 4381 corpore,
429 4309 461 4367 et
489 4304 615 4384 integra
643 4323 714 4369 cunr
744 4308 850 4370 mente
879 4311 1074 4369 senectutem
1103 4305 1220 4388 degere
1242 4325 1299 4372 nec

111 4417 250 4494 turpem
283 4429 340 4477 nec
370 4411 497 4478 cithara
525 4413 717 4481 carentem'?
755 4418 860 4497 Atque
891 4417 937 4482 ita
966 4418 1093 4497 quidem
1126 4417 1301 4484 Lambinus
