3118 5060
577 1119 832 1194 Prooemium.

202 1395 341 1459 Jacobus
375 1393 533 1474 Oruquius
569 1392 753 1456 litterarum
795 1390 882 1471 apud
917 1389 1099 1474 Brugenses
1136 1387 1300 1486 professor

119 1505 280 1588 publicus,
311 1523 381 1570 cum
413 1507 476 1569 iam
500 1503 679 1585 complures
702 1519 801 1566 annos
824 1520 922 1584 opera
943 1502 975 1566 iu
999 1499 1127 1566 Horatii
1149 1500 1299 1565 carmini·

117 1617 176 1681 bus
210 1615 464 1697 interpretandis
499 1619 619 1680 navata
656 1613 787 1678 tandem
819 1612 852 1676 iu
886 1611 1080 1696 bibliotheca
1112 1611 1300 1676 monasterii

118 1727 360 1791 Benedictorum
393 1726 423 1790 S.
453 1724 544 1788 Petri
573 1725 606 1787 in
638 1729 745 1787 monte
774 1722 960 1787 Blandinio¹
977 1741 1077 1804 prope
1109 1723 1297 1806 Gaudavum
1343 1767 1345 1772 -

117 1840 173 1903 siti
196 1844 383 1904 consecutus
406 1844 492 1901 esset
514 1839 668 1916 quattuor
690 1839 835 1900 vetustos
857 1825 982 1899 codices
1006 1833 1217 1931 HoratianoS,
1239 1834 1300 1898 hoc

116 1949 240 2031 potitus
269 1947 361 2012 firmo
390 1952 487 2028 atque
517 1946 620 2011 solido
648 1945 741 2010 crisis
763 1943 971 2010 fundamento
994 1946 1133 2026 primum
1155 1945 1298 2026 singulos

116 2064 184 2123 tum
214 2077 323 2123 omnes
345 2058 476 2122 Horatii
503 2058 602 2122 libros
632 2057 665 2121 in
694 2057 796 2123 lucem
826 2057 981 2134 emisit1).
1027 2056 1114 2134 Quas
1143 2057 1300 2120 editiones

115 2171 162 2234 ita
192 2153 363 2249 instruxit,
393 2175 430 2232 ut
458 2169 561 2250 primo
589 2170 658 2235 loco
685 2174 826 2246 textum,
856 2186 949 2249 quem
978 2185 1143 2247 vocamus,
1173 2167 1300 2232 Horatii

117 2280 293 2344 carminum
315 2279 556 2360 exprimendum
579 2285 724 2358 curaret,
756 2279 858 2342 altero
881 2277 1018 2356 scholia,
1041 2294 1122 2357 quae
1144 2278 1177 2343 iu
1199 2279 1298 2344 variis

118 2389 280 2455 codicibus
312 2389 450 2471 margini
483 2390 650 2471 adscripta
681 2391 863 2470 invenerat,
900 2389 933 2452 in
969 2407 1067 2454 uuum
1102 2397 1298 2472 congereret,

118 2501 217 2567 tertio
239 2519 309 2566 cum
332 2499 406 2583 ipsa
427 2507 576 2581 poemata
591 2501 750 2582 copiosius
765 2500 954 2582 explanaret
970 2506 1038 2565 tum
1054 2502 1175 2583 passim
1190 2501 1299 2566 varias

117 2612 271 2677 lectiones
293 2609 452 2690 proferret
474 2616 570 2692 atque
592 2611 759 2678 iudicaret.
803 2611 851 2675 Ex
874 2612 940 2677 illis
962 2618 1080 2692 autem,
1103 2631 1182 2694 quos
1200 2631 1300 2695 supra

115 2723 376 2801 commemoravi,
407 2721 570 2788 codicibus
600 2742 698 2786 unum
729 2727 861 2804 propter
891 2729 1084 2788 vetustatem
1108 2724 1150 2787 ad
1173 2724 1300 2790 Horatii

113 2852 226 2898 versus
257 2833 472 2897 emendandos
502 2851 626 2898 summa
657 2834 851 2898 auctoritate
881 2852 952 2899 esse
979 2833 1139 2914 Oruquius
1169 2836 1299 2915 penitus

114 2961 304 3025 persuasum
320 2942 470 3008 habebat.
488 2943 615 3008 -Iam
639 2962 709 3009 cum
732 2943 829 3025 paulo
851 2951 1033 3026 postquam
1051 2945 1105 3010 ille
1120 2943 1170 3011 vir
1185 2947 1299 3012 doctus

16 3035 21 3052 ’
113 3075 153 3119 ex
175 3056 227 3120 his
250 3053 414 3120 codicibus
436 3052 576 3120 fructum
599 3073 692 3120 suum
715 3055 860 3137 percepit
882 3074 998 3137 eosque
1022 3057 1064 3121 ad
1084 3057 1191 3121 sedem
1207 3075 1298 3122 suam
1409 3131 1411 3136 ,

114 3165 256 3245 remisit,
284 3164 462 3229 miserabili
494 3165 585 3229 clade
613 3163 734 3231 factum
758 3174 860 3246 esset,
890 3173 927 3232 ut
948 3167 1143 3233 bibliotheca
1164 3167 1297 3233 Blandi·

114 3276 214 3339 niana
237 3275 277 3339 ab
301 3274 519 3353 iconoclastiS,
541 3276 596 3355 qui
618 3277 778 3355 dicuntur,
801 3295 872 3341 cum
895 3277 976 3357 ipsis
998 3279 1226 3360 manuscriptis
1249 3280 1297 3344 in-

115 3386 228 3451 cendio
251 3386 422 3464 deleretur,
444 3385 546 3450 nihilo
568 3387 673 3452 minus
697 3385 975 3467 praeclarissimus
998 3387 1053 3454 ille
1068 3391 1149 3456 artis
1166 3392 1297 3458 criticae

113 3497 262 3562 conditor
283 3495 320 3561 R.
342 3495 508 3563 Bentleius
538 3503 571 3562 et
599 3497 751 3563 lectiones
782 3517 803 3561 a
825 3498 965 3580 Oruquio
987 3519 1025 3565 ex
1046 3499 1218 3566 Blandinio
1239 3503 1295 3567 illo

112 3609 223 3674 codice
255 3607 477 3675 vetustissimo
509 3609 653 3690 prolatas
684 3610 769 3674 tanti
801 3611 1019 3678 aestimandas
1052 3618 1086 3677 et
1117 3612 1205 3679 illius
1235 3615 1296 3680 viri

112 3718 302 3800 diligentiae
324 3739 362 3785 ac
390 3719 466 3786 fidei
487 3725 614 3785 tantum
637 3719 842 3786 tribuendum
866 3723 1004 3802 censuit,
1034 3727 1072 3786 ut
1094 3723 1156 3788 sibi
1179 3743 1199 3788 a
1221 3724 1296 3791 libri

111 3827 202 3894 illius
231 3829 401 3911 scripturis
428 3831 491 3896 nisi
523 3831 716 3897 necessitate
744 3839 854 3896 coacto
881 3852 944 3897 non
973 3853 1044 3900 esse
1067 3833 1294 3901 discedendum

201 4049 232 4128 1)
254 4053 355 4113 Editio
380 4054 480 4134 quarti
504 4054 669 4114 carminum
696 4055 769 4117 libri
792 4079 818 4118 a.
844 4062 924 4117 1565
948 4061 1028 4120 foras
1051 4059 1121 4121 data
1143 4061 1293 4142 descripta

111 4156 160 4210 eat
182 4173 199 4210 a
224 4155 256 4213 0.
278 4157 519 4230 Zangamaistero
548 4157 580 4215 in
610 4159 689 4218 Mus.
723 4159 819 4219 Rhen.
850 4163 911 4222 vol.
933 4163 1031 4237 XIX,
1059 4185 1088 4242 p.
1114 4169 1292 4226 321—339.

109 4286 154 4295 —
177 4253 224 4313 De
253 4257 379 4336 reliquis
404 4259 592 4320 editionibus
623 4262 660 4320 of.
692 4263 862 4321 Muetzellii
891 4265 1134 4325 dissertationem
1162 4267 1195 4326 in
1216 4267 1291 4330 diar.

110 4375 214 4433 gymn.
239 4358 337 4418 Berol.
361 4381 386 4419 a.
412 4365 506 4436 1855,
536 4385 565 4441 p.
591 4367 651 4422 850
676 4385 713 4423 ss.
738 4369 769 4456 et
790 4365 989 4428 Schweikerti
1018 4367 1205 4448 Oruquiana,
1235 4373 1292 4430 Μ.-

110 4456 277 4534 Glodbaoh,
302 4462 393 4522 1879.

1072 4580 1085 4632 l
