3118 5060
745 249 936 313 ..2-

250 417 457 484 existimaret.
512 418 614 495 Quam
646 419 837 484 sententiam
871 420 968 484 etiam
1000 421 1186 488 recentioris
1218 425 1337 491 aetatis
1368 427 1430 492 viri

251 529 357 608 docti,
390 534 427 593 ut
455 529 695 610 Lachmannus,
734 529 927 610 Meinekius,
949 531 1158 614 Ritschelius,
1191 534 1234 599 M.
1257 534 1429 616 HauptiuS,

249 639 523 722 Dillenburgerus,
539 641 574 704 L.
586 639 769 720 Muellerus,
786 641 887 706 secuti
904 643 1042 708 codicem
1057 641 1259 709 Blandinium
1277 649 1428 713 vetustis·
1543 708 1544 720 .

248 752 363 817 simum
396 753 487 817 unice
525 770 634 818 venam
672 757 769 832 atque
806 752 944 817 solidum
976 756 1078 820 omnis
1106 754 1304 822 Horatianae
1336 758 1428 823 crisis
1543 821 1544 824 ,

246 861 488 928 fundamentum
511 882 581 928 esse
604 868 804 927 censuenmt.
843 863 941 929 Cuius
962 865 1073 931 iudicii
1096 867 1243 932 acerrimi
1265 868 1425 934 obtrecta-

246 979 332 1039 tores
363 975 557 1040 exstiterunt
579 973 701 1054 primus
725 973 782 1037 Th.
805 973 964 1057 Bergkius
977 978 1017 1059 ²),
1045 963 1113 1041 tum
1137 976 1265 1043 Horatii
1287 979 1427 1046 editores

244 1085 393 1150 Kellerus
406 1086 437 1167 8)
461 1091 493 1150 et
510 1083 681 1164 Holderus,
703 1086 757 1166 qui
780 1085 913 1167 (lruquii
935 1085 1122 1169 diligentiae
1144 1090 1225 1154 adeo
1247 1108 1308 1154 non
1331 1089 1425 1156 fidem

244 1198 480 1279 adiungendam
504 1197 744 1277 contenderunt,
768 1202 804 1262 ut
825 1197 910 1262 hunc
931 1198 1036 1263 virum
1065 1200 1193 1280 saepius
1219 1220 1324 1266 meras
1351 1221 1425 1267 con·
1463 1214 1465 1217 ·

244 1308 385 1374 lecturas
396 1309 610 1376 vetustissimi
633 1308 750 1374 codicis
765 1307 929 1372 Blandinii
952 1311 1145 1376 auctoritate
1166 1309 1297 1376 fulsisse
1319 1314 1424 1394 suspi-

244 1426 402 1486 carentur.
426 1455 467 1468 -
489 1419 555 1486 Nee
577 1425 685 1484 tamen
707 1418 887 1499 defuerunt,
917 1421 971 1501 qui
994 1426 1027 1486 et
1050 1419 1182 1502 (iruquii
1204 1423 1423 1504 integritatem
1544 1502 1545 1530 1

246 1537 279 1595 et
301 1532 420 1596 codicis
442 1531 605 1596 Blandinii
636 1536 772 1595 naturae
801 1532 1035 1612 praestantiam
1066 1538 1250 1598 constanter
1273 1533 1422 1599 deiende·
1544 1553 1545 1556 ’

242 1648 333 1722 rent,
372 1661 506 1724 quorum
538 1643 571 1706 in
590 1705 593 1712 ,
611 1660 743 1706 numero
780 1640 947 1706 referendi¹
978 1649 1054 1708 sunt
1083 1642 1117 1709 (1.
1148 1643 1423 1727 Zangemeisterus

241 1753 273 1834 (l.
296 1753 341 1833 1.),
363 1752 627 1835 Dillenburgerus
637 1754 678 1835 ⁴),
702 1751 749 1816 W.
762 1751 941 1832 Mewesius,
965 1755 1020 1834 qui
1042 1755 1226 1835 nuperrime
1249 1757 1367 1822 codicis
1384 1757 1422 1835 V,

240 1867 295 1946 qui
317 1864 454 1944 dicitur,
486 1868 709 1945 propugnator
732 1863 858 1928 exstitit
871 1865 910 1940 ὅ).
955 1865 989 1928 Is
1012 1865 1094 1928 enim
1119 1884 1188 1930 eum
1211 1868 1326 1930 merito
1347 1866 1423 1931 Kel-

240 1976 341 2040 lerum
363 1976 582 2057 vituperaret,
604 1975 723 2055 quippe
745 1975 799 2054 qui
822 1992 943 2055 paucas
965 1980 1091 2039 tantum
1114 1974 1201 2040 illius
1223 1977 1308 2056 libri,
1331 1977 1420 2041 cuius

239 2088 465 2153 auctoritatem
489 2087 678 2168 impugnare
693 2085 848 2164 studeret,
871 2085 1051 2166 scripturas
1074 2083 1188 2152 afferre
1209 2089 1290 2152 satis
1313 2089 1421 2152 duxis-

239 2205 303 2279 set,
334 2217 443 2263 omnes
466 2196 629 2262 Blandinii
652 2195 770 2261 codicis
792 2195 946 2261 lectiones
970 2215 1138 2279 congerere
1161 2203 1257 2281 atque
1279 2198 1421 2265 iudicare

238 2311 299 2375 sibi
321 2309 497 2392 proposuit.
542 2305 644 2386 Quam
669 2326 776 2373 veram
800 2305 962 2372 codicisV
983 2308 1147 2374 iudicandi
1169 2309 1325 2374 rationem
1350 2329 1420 2376 esse

237 2441 428 2504 quamquam
443 2438 535 2483 nemo
550 2419 621 2497 erit,
640 2417 695 2498 qui
710 2422 815 2498 neget,
831 2422 938 2482 tamen
954 2417 990 2480 R.
1006 2417 1135 2484 Kukula
1147 2419 1179 2500 ⁶)
1194 2438 1296 2501 neque
1311 2439 1420 2485 omnes

235 2533 387 2598 lectiones
411 2530 511 2597 codici
532 2529 562 2593 V
585 2529 797 2610 assignandas
821 2547 840 2592 a
862 2528 1012 2594 Menesio
1035 2534 1202 2612 congestas
1225 2536 1259 2596 et
1281 2532 1420 2614 permul-

236 2651 288 2710 tas
310 2644 420 2722 exiis,
443 2660 522 2723 quas
543 2637 711 2705 Mewesius
734 2641 974 2722 composuisset,
998 2640 1100 2706 codici
1122 2640 1292 2707 Blandinio
1313 2647 1420 2709 vetus-

236 2756 360 2820 tissimo
384 2774 446 2819 non
469 2753 657 2819 tribuendas
679 2771 749 2817 esse
772 2753 952 2819 condendit.

322 2866 444 2943 Quibus
474 2865 570 2929 rebus
603 2864 758 2945 expositis
789 2866 892 2928 denuo
921 2865 1001 2929 mihi
1030 2866 1062 2928 in
1092 2865 1175 2929 hanc
1201 2865 1418 2944 quaestionem

234 2976 409 3059 inquirenti
438 2994 531 3040 nemo
563 2975 641 3055 erit,
675 2975 729 3056 qui
760 2993 826 3038 rem
857 2980 961 3039 actam
994 2995 1013 3038 a
1043 2994 1094 3040 me
1125 2975 1259 3040 tractari
1290 2974 1420 3040 obiciat.

236 3089 350 3168 Itaque
372 3088 404 3152 in
427 3087 535 3168 priore
556 3085 652 3150 huius
675 3085 977 3150 dissertatiunculae
1000 3086 1105 3167 capite
1127 3104 1235 3150 omnes
1258 3083 1420 3151 codicisV

325 3331 357 3409 2)
381 3332 418 3390 ef.
439 3329 548 3410 philol.
571 3328 699 3402 Theseu,
722 3328 754 3386 in
776 3328 887 3388 Philol.
911 3329 971 3389 vol.
995 3329 1079 3402 XIV,
1101 3349 1130 3405 p.
1155 3332 1225 3386 389.

325 3451 356 3530 3)
379 3453 456 3512 Mus.
486 3451 584 3510 Rhea.
615 3451 675 3510 vol.
703 3449 830 3522 XVIH,
859 3470 888 3527 p.
920 3450 1096 3506 281-283.
1141 3445 1213 3506 ibid.
1246 3446 1307 3507 vol.
1329 3443 1419 3516 XIX,

239 3577 267 3633 p.
292 3553 470 3612 634-637.
493 3585 534 3594 -
556 3553 674 3612 Deinde
695 3552 727 3611 in
750 3571 929 3632 unaquaque
951 3551 1014 3610 fere
1037 3549 1147 3627 pagina
1169 3548 1234 3608 eius
1256 3550 1344 3622 libri,
1367 3548 1418 3628 qui

238 3657 416 3716 inscribitur
438 3655 674 3734 „Epilegomena
695 3675 734 3714 zu
756 3653 885 3726 Horea'’,
908 3653 1012 3730 Leipz.
1038 3652 1129 3710 1879.

325 3777 357 3853 4)
381 3775 456 3850 „Die
480 3775 715 3836 Blandinisohen
738 3770 1135 3834 Horatius-Handeehriften
1157 3790 1219 3831 von
1242 3769 1418 3850 Cruquius’'‚

239 3881 272 3938 in
295 3879 369 3938 diar.
394 3898 494 3955 gymn.
518 3879 616 3938 Berol.
640 3898 665 3936 a.
691 3879 782 3948 1881,
805 3896 833 3952 p.
859 3877 1037 3933 321-349.

326 3999 356 4072 5)
380 3997 444 4072 „De
468 3995 757 4068 codicisfloratiani,
781 3995 834 4074 qui
845 3993 1023 4053 Blandinius
1046 3991 1269 4054 vetustissimus
1285 3994 1418 4060 vocatur,

239 4105 348 4160 natura
371 4106 460 4180 atque
490 4097 610 4158 indole”
635 4097 679 4176 (in
702 4093 1057 4176 Gymnasii'Werderani
1081 4091 1285 4152 Berolinensis
1309 4092 1418 4152 disser-

240 4201 389 4260 tationum
419 4202 595 4262 collectione
626 4198 697 4258 anni
723 4201 832 4274 1881),
861 4202 891 4256 et
913 4198 1032 4271 „Ueber
1052 4196 1110 4253 den
1135 4195 1222 4254 Wert
1243 4195 1294 4253 des
1318 4195 1418 4253 codex

240 4302 417 4362 Blandinius
448 4302 672 4364 vetustissimus
700 4302 750 4360 fiir
778 4301 827 4358 die
849 4300 952 4359 Kritik
973 4300 1025 4356 des
1047 4296 1176 4370 Horez”,
1199 4297 1303 4354 Berlin
1328 4299 1417 4353 1882.

326 4421 359 4497 6)
382 4423 419 4481 ef.
442 4422 553 4481 Philol.
576 4422 769 4495 Rundechau,
794 4425 885 4495 1882,
908 4422 964 4480 No.
990 4425 1038 4493 32,
1060 4438 1089 4494 p.
1118 4414 1336 4476 1001-1007.
