3118 5060
701 269 913 336 ..42..

217 458 288 504 rum
318 439 481 522 praeferre
504 440 691 522 concludat,
722 440 846 522 maguis
867 444 995 506 tenetur
1015 438 1184 508 erroribus.
1229 437 1394 517 Quomodo

217 549 318 631 igitur
348 569 382 618 se
413 550 511 619 habet
542 553 595 617 via
624 571 662 619 ac
684 553 767 618 ratio
789 551 932 618 Kelleri?
975 550 1086 616 Nonne
1108 568 1233 631 semper
1254 548 1320 616 fere
1343 567 1395 616 co-

216 667 308 728 actus
339 666 404 744 est,
435 668 474 728 ut
502 664 752 746 quotiescunque
782 663 928 729 binarum
958 661 1108 729 classium
1130 661 1225 728 lectio
1247 655 1394 744 opposita

217 777 266 837 est
295 773 430 855 tertiae,
461 773 548 840 illam
570 775 747 857 proferret,
783 775 863 840 duas
884 772 1024 840 familias
1052 791 1177 855 semper
1198 772 1306 853 plures
1326 788 1396 838 esse

216 903 312 966 quam
342 886 483 968 singulas
515 887 690 953 sexcenties
721 903 792 952 cum
814 885 975 967 gravitate
997 885 1135 964 quadam
1157 882 1331 950 lectoribus
1352 882 1395 945 ad

216 995 322 1060 oculos
345 997 583 1076 demonstraus,
614 1004 651 1062 ut
681 997 874 1078 scripturam
904 996 998 1060 modo
1029 995 1152 1076 primae
1173 999 1207 1059 et
1228 994 1395 1074 secundae,

217 1107 309 1172 modo
338 1107 460 1189 primae
490 1113 524 1173 et
552 1109 685 1189 tertiae,
716 1109 809 1174 modo
839 1107 996 1175 secundae
1026 1106 1204 1170 ettertiae
1225 1105 1395 1188 genuinam

217 1219 401 1284 statueret?
443 1218 558 1302 Itaque
572 1218 719 1285 Kollerus
741 1236 813 1284 cum
836 1223 902 1282 tres
917 1217 1062 1284 codicum
1077 1215 1216 1283 familias
1232 1233 1396 1282 secernere

217 1330 371 1409 studeret,
393 1330 486 1396 simul
502 1330 748 1412 uniuscuiusque
763 1329 881 1397 codicis
895 1333 1044 1394 naturam
1060 1325 1251 1394 lectionibus
1265 1345 1304 1392 cx
1326 1325 1398 1392 aliis

216 1440 306 1506 libris
328 1441 465 1524 receptis
486 1442 566 1507 adeo
587 1459 657 1507 esse
679 1440 882 1506 obscuratam
906 1439 1152 1517 demonstravit,
1179 1442 1215 1503 ut
1237 1437 1267 1502 in
1291 1455 1397 1504 emen-

217 1550 332 1617 dandis
354 1551 547 1618 carminibus
563 1551 750 1616 Horatianis
771 1550 923 1617 iudicium
946 1549 1047 1630 magis
1069 1567 1164 1631 quam
1184 1549 1328 1615 codicum
1349 1547 1398 1612 fa-

215 1663 376 1727 miliarum
408 1663 633 1728 auctoritatem
664 1667 748 1728 esset
778 1661 990 1743 sequendum
1020 1678 1119 1742 quare
1147 1660 1191 1739 is,
1220 1659 1276 1741 qui
1297 1659 1397 1726 Blau-

216 1774 337 1839 dinium
367 1773 507 1839 codicem
537 1772 794 1856 antiquissimum
820 1791 930 1838 verum
953 1771 1044 1837 crisis
1066 1769 1308 1835 fundamentum
1331 1773 1398 1834 sta-

217 1886 299 1966 tuit,
333 1904 394 1950 nou
425 1879 530 1950 m'iuus
561 1903 632 1950 cum
664 1885 715 1948 via
737 1903 775 1950 ac
796 1883 920 1949 ratione
943 1887 1088 1947 recenset
1109 1885 1310 1960 contextum,
1342 1879 1397 1962 qui

216 2001 367 2074 uocatur,
389 1995 619 2076 Horatiauum,
642 2013 737 2076 quam
759 1994 906 2060 Kellerus
928 1992 1041 2060 fecisse
1063 1993 1131 2074 ipse
1153 1992 1215 2058 sibi
1235 1991 1395 2057 uideatur.

300 2107 372 2173 Jam
396 2125 471 2172 vero
486 2105 630 2173 Kellerus
646 2105 829 2172 codiccmV
852 2110 889 2170 ut
911 2123 949 2169 cx
971 2103 1069 2169 trium
1091 2103 1284 2170 familiarum
1307 2101 1399 2167 libris

219 2221 312 2300 quasi
327 2220 520 2301 permixtum
536 2237 614 2300 esse,
635 2219 684 2284 ita
698 2217 730 2282 iu
746 2218 817 2284 aliis
832 2217 959 2282 Horatii
973 2216 1065 2282 libris
1079 2216 1122 2280 ad
1144 2214 1240 2280 aliam
1263 2214 1398 2280 classem

217 2331 368 2396 accedere
397 2330 577 2398 affirmavit.
622 2331 765 2410 Quarum
795 2332 965 2410 utramque
994 2325 1186 2393 seutentiam
1214 2342 1399 2406 perversam

216 2459 295 2520 esse,
318 2445 354 2506 ut
375 2442 542 2524 perspicue
570 2441 714 2524 cognosci
735 2445 854 2521 posset,
876 2455 976 2520 supra
998 2437 1132 2520 singulis
1154 2435 1273 2502 codicis
1295 2435 1398 2500 Vlec·

218 2551 358 2618 tionibus
381 2570 505 2631 earum,
528 2553 672 2633 adquae
694 2567 839 2633 quaeque
859 2549 1015 2632 pertinet,
1037 2547 1231 2612 familiarum
1254 2563 1401 2610 numeros

216 2663 306 2729 uncis
317 2663 485 2745 quadratis
503 2661 640 2729 inclusos
653 2661 789 2745 apposui
805 2659 1004 2742 exceptisiis,
1026 2678 1109 2742 qnae
1124 2663 1182 2724 aut
1195 2656 1236 2722 ab
1255 2656 1401 2722 omnibus

216 2774 379 2842 codicibus
401 2771 591 2840 exhibentur
611 2776 668 2839 aut
689 2777 797 2839 certae
818 2771 913 2838 classi
935 2771 1092 2852 assignari
1115 2775 1284 2852 nequeunt.
1309 2767 1399 2844 Quae

114 2943 118 2952 .
217 2885 244 2950 si
266 2890 493 2967 computantur
519 2885 676 2965 quomodo
706 2883 790 2950 inter
819 2901 854 2948 se
882 2880 1040 2963 babeant,
1070 2883 1131 2947 hac
1160 2879 1272 2947 tabula
1302 2879 1400 2944 liccat

222 2997 399 3077 illustrare:

382 3186 529 3250 namuco
616 3189 634 3246 ι
726 3189 762 3246 11
824 3188 876 3246 111
940 3188 1003 3262 1,11
1045 3185 1127 3258 nnn
1157 3149 1256 3256 ιιῖῐι

354 3409 451 3470 Oarm.
496 3411 541 3469 11.

355 3495 450 3554 Germ
480 3495 541 3554 111.

355 3581 451 3640 (ianm.
486 3580 541 3640 IV.

355 3665 385 3724 G.
409 3683 485 3726 acac.

339 3751 448 3828 ⁴Epod.

354 3837 415 3895 sat.
453 3836 478 3895 Ι.

356 3922 416 3980 sat.
438 3921 483 3978 ΙΙ.

354 4007 411 4082 up.
461 4005 488 4063 Ι.

355 4092 412 4168 Ep.
444 4091 488 4148 H.

356 4178 392 4233 Α.
416 4185 495 4252 poet.

421 4311 542 4372 somma
618 4289 759 4394 9111
839 4314 879 4368 aa
956 4313 994 4367 ac
1072 4311 1111 4366 14
1185 4312 1219 4366 11
