3118 5060
725 243 939 306 „40-

245 413 353 479 codice
374 413 413 493 V,
436 414 505 479 sine
527 413 594 478 ulla
616 429 715 479 causa
737 411 901 478 dubitaret
923 409 976 495 (cf.
1000 411 1041 476 ad
1063 429 1112 491 ep.
1135 411 1161 490 I,
1185 411 1235 490 16,
1256 408 1329 494 43),
1351 429 1430 492 pra-

243 543 301 590 vas
331 529 437 590 autem
466 542 591 605 semper
621 522 689 588 fere
719 540 834 604 magno
867 539 937 588 cum
960 521 1099 590 clamore
1120 521 1263 604 prolatas
1285 521 1428 604 vituper-

245 639 333 714 aret,
356 653 456 716 neque
479 633 553 699 ullis
575 635 616 700 de
637 633 706 716 ipso
729 633 838 699 codice
859 638 1007 714 parceret
1028 631 1195 698 uerborum
1218 631 1431 710 contumeliis,

246 752 314 810 tum
344 745 515 827 praecipue
543 744 575 810 in
607 762 644 810 eo
666 742 790 826 capite,
820 745 905 826 quod
927 743 1114 811 inscribitur
1137 742 1337 826 „Principiam
1359 743 1428 808 und

246 856 441 938 Leistungen
472 857 530 921 der
559 854 802 938 Herausgeber“
833 853 878 938 (p.
902 853 1087 939 sco-835)
1119 855 1281 934 omnibus,
1310 853 1428 936 quibus

247 966 366 1033 codicis
386 968 414 1032 V
437 967 613 1032 auctoritas
635 984 768 1049 prorsus
789 965 882 1031 irrita
904 964 973 1030 fieri
995 965 1153 1048 rideatur,
1176 966 1374 1048 argumentis
1395 965 1427 1029 in

250 1097 345 1143 unum
369 1077 606 1159 comprehensis
634 1076 666 1141 in
697 1095 736 1142 ea
765 1077 910 1143 constitit
932 1077 1107 1155 sententia,
1141 1081 1177 1141 ut
1204 1077 1288 1142 hunc
1309 1075 1428 1142 librum

246 1189 398 1268 omnium,
421 1189 476 1270 qui
499 1189 567 1254 noti
589 1191 674 1267 sunt,
696 1185 823 1252 Horatii
847 1187 990 1254 codicum
1009 1188 1217 1253 contenderet
1238 1204 1308 1254 esse
1323 1189 1430 1251 deter-

246 1299 370 1365 rimum.

333 1411 439 1492 Atque
462 1415 499 1476 ut
521 1409 708 1475 omittamus
730 1426 784 1474 eas
806 1426 914 1474 omnes
937 1409 1086 1489 rationes,
1112 1408 1227 1491 quibus
1249 1408 1345 1474 etiam
1369 1407 1430 1473 boc

247 1521 316 1585 loco
340 1520 471 1603 Cruquii
503 1519 614 1602 fidem,
649 1519 749 1584 utin
778 1519 990 1601 suspicionem
1012 1524 1142 1586 vocaret
1170 1538 1300 1603 operam
1330 1519 1433 1601 dedit,

247 1631 366 1714 quippe
382 1651 461 1713 quas
474 1649 571 1714 supra
590 1631 670 1696 satis
688 1636 800 1713 aperte
812 1631 969 1697 refutasse
982 1631 1072 1696 nobis
1095 1631 1272 1713 videamur,
1288 1629 1429 1712 primum

250 1747 319 1807 tota
338 1743 459 1809 Kelleri
482 1742 905 1827 argumentatioladmodum
928 1746 979 1809 est
993 1741 1129 1823 infirma,
1151 1743 1228 1825 quia
1243 1761 1304 1808 non
1319 1759 1430 1808 omnes

247 1853 365 1919 codicis
380 1854 409 1919 V
423 1854 575 1920 lectiones
590 1854 759 1935 congessit,
781 1855 838 1919 sed
853 1858 979 1938 partem
1002 1858 1129 1920 tantum
1152 1852 1219 1920 fere
1241 1855 1430 1936 quintam

216 1993 221 2000 ·
248 1964 397 2048 colligere
429 1965 510 2030 satis
533 1965 643 2046 duxit,
675 1984 737 2046 quo
759 1963 880 2031 factum
911 1969 977 2045 est,
1010 1969 1046 2030 ut
1075 1965 1161 2031 inter
1183 1957 1310 2032 centum
1332 1966 1431 2030 unde-

246 2075 362 2160 viginti
392 2076 586 2158 scripturas,
619 2095 753 2158 quarum
784 2078 825 2142 de
854 2081 970 2142 natura
1000 2081 1087 2142 certe
1117 2077 1289 2153 diiudicari
1311 2081 1430 2158 posset,

247 2186 568 2270 duodequadraginta
590 2186 781 2254 esse·falsas
803 2186 1016 2254 arbitraretur
1039 2187 1116 2270 (1.).
1139 2208 1171 2270 p.
1194 2187 1281 2269 835).
1326 2189 1433 2266 Quam*

248 2299 404 2365 rationem
425 2316 558 2381 prorsus
587 2316 657 2365 esse
679 2305 864 2383 perversam
888 2299 983 2381 plane
1005 2299 1099 2365 docet
1127 2318 1183 2380 ea,
1215 2317 1311 2380 quam
1332 2297 1428 2380 paulo

247 2407 330 2474 inira
353 2408 387 2494 (ᾗ
408 2409 444 2494 4)
466 2409 708 2492 proposuimus,
730 2409 899 2475 lectionum
923 2409 1043 2490 tabula,
1066 2411 1150 2475 unda
1171 2428 1233 2474 non
1255 2409 1341 2474 inter
1361 2413 1422 2473 ter-

248 2539 322 2601 nas,
352 2525 390 2585 ut
420 2519 522 2586 voluit
545 2519 711 2600 Kellerus,
742 2521 798 2586 sed
828 2520 914 2586 inter
936 2525 1085 2604 septenas
1107 2521 1174 2588 fere
1195 2539 1291 2586 unam
1314 2519 1426 2584 falsam

146 2649 152 2660 ·
252 2635 378 2696 exstare
400 2633 546 2714 apparet.
590 2629 710 2697 Verum
740 2649 812 2698 cum
844 2633 884 2697 de
913 2632 974 2698 hac
995 2651 1031 2698 re
1052 2637 1167 2716 postea
1188 2632 1346 2714 copiosius
1368 2631 1429 2696 sim

252 2741 409 2824 dicturus,
432 2742 492 2809 hcc
513 2743 582 2808 loco
605 2741 638 2807 id
661 2741 757 2807 verbo
779 2746 907 2809 notasse
929 2743 1009 2810 satis
1031 2743 1143 2810 habeo.

335 2853 458 2919 Deinde
480 2853 628 2920 Kellerus
658 2853 797 2920 codicem
819 2853 1024 2920 Blandinium
1047 2853 1217 2938 permultis
1238 2852 1430 2919 lectionibus

248 2963 448 3047 pravissimis
477 2959 670 3045 corruptum
694 2981 763 3029 esse
795 2965 959 3029 contendit
980 2966 1178 3047 protulitque
1200 2963 1281 3029 satis
1303 2962 1429 3044 multas,

248 3075 363 3157 quibus
394 3074 474 3143 haec
503 3075 576 3156 ipsa
606 3073 764 3139 sententia
795 3073 989 3157 probaretur
1019 3077 1065 3159 (p.
1088 3075 1148 3140 801
1163 3074 1296 3160 -802).
1340 3075 1429 3152 Quae

248 3186 427 3269 scripturae
451 3185 627 3252 cuiusmodi
649 3185 715 3250 sint
735 3185 911 3252 rideamus.
955 3187 1002 3251 Ac
1023 3187 1160 3269 primum
1184 3185 1313 3269 quidem
1334 3184 1429 3250 uehe-

250 3302 375 3363 menter
406 3297 519 3377 miror,
549 3296 634 3379 quod
666 3297 697 3362 in
728 3316 837 3363 earum
870 3316 1036 3363 numerum
1059 3298 1217 3380 receperit
1237 3296 1429 3378 scripturam

256 3406 417 3488 ,Rhecum’
440 3410 481 3491 (o.
503 3408 546 3488 ΙΙ,
571 3407 695 3491 1933),
729 3426 812 3490 qnae
834 3426 909 3472 num
932 3428 1042 3475 revera
1064 3410 1096 3474 in
1119 3409 1227 3476 codice
1249 3408 1278 3473 V
1299 3406 1429 3472 exstite-

248 3519 292 3584 rit
325 3537 517 3602 magnopere
546 3518 678 3584 dubium
712 3537 781 3585 esse
810 3519 881 3600 ipse
911 3521 1057 3602 exposuit
1080 3521 1115 3605 (1.
1138 3520 1159 3586 Ι.
1179 3539 1210 3602 p.
1232 3518 1428 3600 aen-293).

250 3631 330 3695 Tum
354 3629 523 3703 lectionem
548 3628 695 3712 ,argirae'
719 3629 759 3714 (c.
775 3629 830 3709 IV,
854 3629 1180 3714 6,25)inB1andini0
1203 3632 1310 3697 codice
1330 3629 1430 3696 fuisse

250 3740 334 3805 unde
364 3739 511 3806 Kellerus
546 3744 743 3823 compertum
783 3740 916 3822 habeat,
956 3743 1070 3810 nescio.
1122 3743 1245 3808 Deinde
1277 3739 1428 3808 lectiones

250 3850 402 3932 ,liuidum’
442 3853 482 3930 (c.
516 3852 548 3932 I,
578 3851 705 3933 saud),
736 3852 910 3937 ,phymum’
952 3853 1027 3938 (sat.
1061 3855 1111 3934 ΙΙ,
1141 3853 1238 3936 7,17),
1268 3851 1428 3935 ,portavit'

250 3963 324 4043 (sat.
355 3962 404 4040 ΙΙ,
437 3962 561 4045 3,303),
593 3961 747 4044 ,remittit’
779 3965 853 4042 (sat.
876 3965 926 4045 ΙΙ,
960 3964 1047 4050 8,53)
1075 3964 1138 4030 huo
1166 3983 1227 4030 non
1266 3965 1428 4047 pertinere

249 4074 314 4137 iam
338 4091 436 4157 supra
452 4074 664 4155 exposuimus.
696 4073 880 4158 Scripturas
895 4081 1003 4142 autem
1027 4074 1181 4158 ,accessit’
1195 4095 1253 4158 pro
1276 4073 1428 4156 ,arcessit'
1540 4131 1541 4140 ,

251 4184 313 4266 (ep.
347 4185 398 4266 II,
431 4184 555 4267 1,168),
588 4185 757 4265 ,Futidius'
786 4203 845 4267 pro
876 4185 1040 4267 ,Fufidius'
1064 4192 1124 4252 sut.
1147 4188 1179 4268 I,
1203 4186 1307 4268 2,12),
1340 4185 1426 4267 ,visa'
1540 4257 1541 4260 ¹

251 4314 309 4377 pro
343 4294 439 4376 ,rasa'
474 4296 548 4380 (sat
571 4297 621 4377 ΙΙ,
654 4294 758 4379 732),
787 4295 892 4375 ,intus'
924 4316 983 4379 pro
1012 4299 1054 4378 ‚in
1086 4297 1147 4364 ius’
1177 4300 1252 4380 (sat.
1276 4298 1310 4376 Ι,
1341 4297 1427 4378 720)

253 4424 357 4472 meros
388 4425 457 4472 esse
479 4425 602 4489 pennae
624 4407 735 4489 lapsus
758 4425 817 4470 non
842 4407 993 4481 lectiones
1014 4407 1221 4490 pravissimas
1243 4426 1334 4474 nemo
1356 4407 1428 4491 erit,

250 4517 305 4599 qui
326 4525 431 4602 negm.
474 4517 652 4585 Nonnullas
679 4522 788 4585 antem
811 4519 892 4586 alias
914 4519 1066 4588 lectiones
1093 4521 1254 4602 putandas
1275 4537 1427 4586 essenon
