3118 5060
732 231 1061 306 ..q-¹

204 418 205 423 ’
238 411 375 478 lectione
397 431 417 477 a
438 412 572 494 vulgata
601 412 794 480 abhorrente
824 414 980 493 disserat,
1013 418 1100 480 certe
1129 413 1319 496 diligenter,
1341 417 1429 497 quid

240 525 340 590 codex
368 524 552 605 praeberet,
583 525 799 606 exquisiverit,
822 543 912 590 error
933 525 1121 591 tribuendus
1143 545 1205 591 nou
1229 534 1288 592 est.
1334 529 1428 610 Ergo

239 634 442 716 Gruquius
466 637 594 702 erravit.
637 636 681 702 Et
703 637 936 702 demonstravit
958 635 1116 702 Matthias
1139 636 1174 717 (l.
1190 637 1210 701 l.
1232 637 1425 724 poa-72)

240 745 413 827 cruquium
441 747 628 829 saepissime
657 748 797 828 aliquam
826 747 992 814 lectionem
1015 747 1104 813 velut
1125 748 1159 812 in
1180 748 1329 815 omnibus
1351 750 1424 816 suis
1506 753 1512 763 '

239 857 402 923 codicibus
431 864 591 938 repertam
621 857 781 940 proferre,
811 877 893 940 quae
914 877 977 924 non
999 858 1033 923 in
1055 859 1201 925 omnibus
1224 857 1349 939 fuisset,
1372 862 1425 926 ita

219 973 277 1065 ¹ut
307 987 369 1032 nou
398 986 507 1036 omues
536 988 662 1050 semper
691 970 731 1036 ab
754 989 791 1035 eo
812 971 974 1050 inspectos
996 987 1067 1036 esse
1089 970 1213 1036 codices
1236 977 1420 1052 appareret.

239 1078 468 1144 Verumtamen
496 1081 816 1147 animadvertendum
846 1099 958 1147 censeo
981 1080 1154 1162 cruquium
1185 1088 1270 1147 certe
1292 1099 1423 1163 semper
1541 1059 1542 1132 j

239 1191 380 1256 codicem
403 1191 524 1258 adiisse
534 1191 740 1258 Blandinium
762 1192 1031 1273 antiquissimum,
1053 1193 1171 1274 quippe
1193 1211 1286 1273 quem
1301 1193 1421 1259 ceteris

239 1300 384 1367 omnibus
421 1302 617 1384 antiquitate
652 1303 754 1369 multo
797 1303 990 1384 praecellere
1031 1321 1221 1385 persuasum
1258 1301 1420 1385 habuerit,

238 1430 340 1492 neque
362 1412 460 1478 ullam
483 1414 649 1482 lectionem
672 1415 705 1482 iu
728 1415 874 1481 omnibus
896 1413 1058 1480 codicibus
1081 1431 1152 1480 esse
1174 1413 1334 1495 profiteri,
1355 1416 1422 1480 nisi

239 1521 337 1588 fuerit
359 1525 456 1590 etiam
479 1525 512 1589 in
541 1526 764 1606 antiquissimo
787 1524 841 1608 (cf.
863 1523 948 1591 iufra
970 1527 989 1604 ξ
1012 1526 1057 1606 8).
1101 1526 1215 1607 Itaque
1238 1526 1420 1606 scripturae

239 1633 314 1700 illae
343 1634 493 1714 ,Bremos'
524 1642 556 1702 et
587 1635 746 1716 ,auctoris'
777 1635 941 1704 exstitisse
962 1636 1114 1702 videntur
1144 1637 1177 1700 iu
1207 1655 1245 1702 eo
1275 1655 1313 1702 ex
1346 1636 1420 1702 aliis

239 1745 343 1812 tribus
364 1740 545 1814 Bl'andiuiis
576 1749 673 1829 libro,
703 1768 742 1814 ex
772 1768 835 1830 quo
865 1735 1010 1814 Naunius
1041 1756 1075 1814 et
1106 1747 1265 1828 Gruquius
1297 1747 1421 1814 scholia

239 1857 403 1938 descripta
425 1858 511 1924 foras
535 1861 701 1926 dederuut.
745 1861 869 1926 Idcirco
891 1859 951 1925 hac
974 1877 1098 1941 quoque
1116 1860 1241 1924 ratione
1256 1859 1418 1924 Nannium
1543 1887 1544 1892 ¹

238 1987 301 2033 uon
323 1968 475 2036 habuisse
497 1971 636 2037 codicem
657 1972 687 2036 V
708 1971 803 2036 valde
824 1970 862 2036 fit
883 1970 1079 2052 probabile„

327 2079 450 2157 Quibus
473 2081 568 2148 rebus
590 2082 745 2164 expositis
774 2101 858 2148 cum
881 2081 1047 2147 Horatii
1068 2065 1197 2147 vita‘a
1218 2079 1378 2146 Nannio
1401 2101 1419 2146 e

240 2192 385 2257 codice
406 2191 449 2272 V,
480 2192 636 2258 scholia
664 2212 707 2258 ex
730 2193 827 2273 alio,
857 2194 925 2275 qui
947 2199 1079 2258 tamen
1101 2193 1217 2258 inter
1240 2191 1418 2273 Oruqui·

240 2320 341 2367 anos
362 2302 463 2384 fuit,
495 2310 657 2386 sumpta
677 2305 922 2383 videantur,
945 2305 987 2368 ad
1009 2304 1128 2370 codicis
1148 2303 1312 2368 Blandinii
1334 2303 1418 2367 anti-

239 2413 386 2494 quissimi
408 2413 561 2480 lectiones
583 2416 800 2496 congerendas
829 2434 867 2480 ex
888 2413 1006 2478 Nannii
1036 2413 1314 2480 Miscellaneorum
1337 2413 1418 2479 libro

240 2522 380 2590 fructum
402 2526 524 2606 percipi
546 2542 609 2591 non
630 2544 725 2607 posse
747 2525 829 2591 satis
852 2530 903 2592 est
925 2525 958 2589 in
981 2530 1102 2605 aperto.
1125 2559 1166 2572 --
1217 2583 1220 2590 ⁴

798 2723 870 2802 §2-

329 2859 500 2926 Oollecturi
522 2860 686 2926 Blandiuii
717 2860 836 2926 codicis
866 2859 1081 2939 antiquissimi
1101 2857 1251 2926 lectiones
1274 2858 1418 2938 quoniam

244 2972 354 3037 reiecti
377 2987 488 3036 sumus
517 2970 560 3036 ad
582 2970 683 3053 ipsius
705 2970 837 3050 cruquii
865 2969 1022 3036 editiones
1046 2971 1269 3051 excerpendas,
1291 2966 1418 3048 quibus·

243 3101 317 3148 nam
339 3081 540 3164 potissimum
564 3099 673 3148 earum
695 3081 843 3162 partibus
866 3079 1189 3174 proficiaturstudiis
1212 3079 1345 3160 uostris,
1374 3077 1418 3142 vi-

244 3195 385 3259 deamus.

327 3306 374 3368 Ac
391 3303 528 3385 primum
543 3305 670 3385 quidem
686 3308 792 3369 totum
807 3303 888 3370 illud
911 3303 1167 3369 scholiorum
1190 3319 1315 3381 corpus,
1337 3300 1419 3381 quod

242 3433 281 3480 cu
302 3413 401 3479 variis
423 3413 515 3480 libris
530 3409 658 3495 scriptis
682 3432 801 3480 necnon
824 3413 965 3492 antiquis
980 3409 1173 3477 editionibus
1195 3408 1248 3491 (ci.
1265 3409 1418 3474 Matthiae

242 3525 317 3590 diss.
342 3543 372 3605 p.
396 3524 538 3606 29-51)
568 3530 755 3605 congestum
786 3523 968 3604 acruquio
998 3519 1185 3588 inscribitur
1214 3520 1418 3586 Commen-

243 3641 378 3714 tator,
409 3653 479 3700 cum
511 3635 588 3717 quid
611 3655 648 3699 ex
670 3634 726 3700 illa
748 3633 894 3714 congerie
916 3632 1051 3714 singulis
1073 3631 1236 3698 codicibus
1257 3636 1291 3696 et
1312 3630 1417 3711 impri-

243 3746 304 3812 mis
319 3746 487 3823 blandinio
502 3746 727 3828 antiquissimo
746 3745 911 3825 debeatur,
934 3744 1073 3808 discerni
1095 3743 1158 3810 iam
1181 3747 1330 3826 nequeat,
1353 3741 1418 3807 nul-

243 3858 308 3922 lum
332 3857 422 3924 nobis
443 3858 579 3939 praehet
601 3855 750 3922 fructum.

286 3955 290 3961 ’
329 3969 427 4034 Porro
450 3967 610 4050 Gruquius
639 3968 672 4032 ia
704 3967 899 4034 editionibus
929 3965 1057 4031 Horatii
1087 3965 1236 4031 curandis
1264 3981 1324 4030 non
1354 3970 1418 4028 tam

243 4097 393 4146 versuum
413 4085 663 4160 contextum,
686 4097 779 4160 quom
794 4079 857 4162 iam
875 4077 1066 4158 ,integritati
1083 4075 1277 4142 restitutum'
1292 4080 1418 4173 putaret

244 4189 297 4273 (ci.
320 4190 420 4271 praei.
442 4193 491 4256 ed.
514 4210 543 4255 a.
562 4190 653 4271 1565,
676 4210 706 4272 p.
722 4190 768 4275 8),
791 4190 1023 4256 emendandum
1045 4186 1107 4252 sibi
1129 4187 1304 4267 proposuit,
1326 4205 1416 4268 quam

244 4302 278 4366 id
300 4303 383 4383 egit,
407 4307 443 4366 ut
464 4302 562 4367 bonos
584 4306 681 4381 atque
704 4301 799 4366 utiles
823 4299 1065 4365 commentarios
1087 4296 1307 4363 conscriberet.
1352 4295 1417 4370 Quo

244 4411 365 4478 factum
396 4416 461 4490 est,
494 4418 530 4477 ut
552 4413 676 4493 priores
697 4416 764 4478 tres
786 4411 961 4478 carminum
984 4405 1083 4477 libros
1104 4408 1277 4476 secuudum
1300 4405 1418 4472 codices
