3118 5060
733 241 925 306 -4-

323 413 429 494 Atque
466 431 548 494 qnae
586 411 745 495 Oruquius
776 418 808 478 et
838 413 1076 497 Nannius'ipsi
1106 417 1147 482 de
1178 417 1419 500 manuscriptis
1486 444 1509 454 ··

237 523 352 605 quibus
375 523 425 589 usi
448 529 530 604 sunt,
554 525 739 606 posteritati
762 525 984 607 prodiderunt,
1007 527 1039 590 in
1062 527 1124 592 hac
1146 529 1332 609 quaestione
1354 529 1421 594 sol-

236 637 340 699 venda
363 635 477 700 summi
499 636 650 700 momenti
672 655 742 702 esse
766 641 910 718 apparet.
955 636 1113 718 Oruquius
1144 638 1244 721 igitur
1265 640 1297 703 in
1320 658 1417 721 prae-

235 744 357 810 fatione
379 745 531 810 editionis
554 765 581 810 a.
606 744 698 828 1565,
720 767 751 828 p.
768 746 879 812 dhaec
901 746 1102 814 verbafecit:
1125 799 1167 829 „.
1189 799 1197 813 .
1221 800 1228 814 .
1252 799 1259 814 .
1285 751 1365 815 adeo
1381 755 1421 815 ut

236 875 298 921 non
321 856 440 921 iniuria
454 855 587 922 Petrum
602 856 771 938 Nannium,
793 859 896 923 virum
920 859 1066 940 inprimis
1089 861 1260 942 eruditum,
1284 861 1419 926 dixerim

236 967 442 1047 deterritum,
472 969 662 1049 praesertim
694 973 801 1034 aetate
830 969 894 1033 iam
926 970 1184 1070 ingrauescente,
1214 972 1254 1037 ab
1278 971 1421 1037 editione

235 1079 386 1157 heronis,
418 1096 511 1159 quam
542 1080 574 1144 in
607 1081 674 1145 suis
702 1078 914 1145 miscellaneis
937 1100 975 1144 ex
997 1082 1148 1147 eisdem
1173 1082 1333 1148 codicibus
1357 1083 1419 1146 ali-

235 1191 362 1272 quando
391 1189 554 1270 pollicitus
584 1195 634 1256 est
656 1191 784 1256 Horatii
814 1191 997 1278 studiosis'’.
1042 1192 1102 1258 His
1128 1194 1228 1276 igitur
1251 1213 1289 1258 ex
1311 1193 1419 1259 verbis

236 1302 353 1367 Nannii
384 1302 523 1368 codicem
554 1301 760 1367 Blandinium
796 1301 897 1368 fuisse
926 1321 1023 1368 unum
1054 1323 1092 1368 ex
1125 1303 1315 1386 Oruquianis
1346 1303 1419 1368 luce

236 1414 353 1478 clarius
386 1411 538 1492 efficitur,
579 1431 770 1495 quamquam
808 1415 1015 1496 impugnatur
1046 1414 1106 1479 hoc
1143 1420 1365 1498 argumentum
1399 1433 1419 1478 a

234 1525 416 1589 Duentzero
439 1522 621 1588 affirmante
645 1523 828 1605 Oruquium,
851 1543 927 1589 num
949 1525 1035 1590 inter
1056 1527 1180 1592 codices
1203 1513 1278 1592 suos
1300 1525 1418 1591 fuisset

235 1635 318 1701 liber
333 1634 460 1714 Nannii,
483 1632 566 1698 scire
587 1653 649 1698 non
672 1635 824 1716 potuisse,
848 1637 923 1717 quia
944 1635 999 1700 ille
1022 1636 1140 1702 codicis
1163 1637 1309 1702 habitum
1328 1637 1418 1701 nullo

235 1746 332 1812 verbo
355 1744 594 1826 descripsisset3
617 1751 785 1826 praeterea
807 1746 901 1812 valde
923 1765 994 1812 esse
1016 1748 1141 1828 mirum,
1157 1749 1242 1829 quod
1258 1748 1418 1829 Oruquius

238 1861 278 1923 de
300 1862 503 1940 quattuor
533 1857 693 1921 codicibus
721 1857 854 1937 dixerit,
888 1876 957 1922 cum
981 1857 1125 1923 Nannius
1149 1878 1268 1946 unum
1292 1864 1417 1923 tantum

234 1969 393 2034 habuerit
438 1965 503 2032 Sed
524 1966 587 2031 nisi
610 1967 713 2031 omnis
736 1967 890 2033 scientiae
913 1969 1195 2050 pervestigationis
1207 1968 1417 2034 fundamenta

234 2084 417 2160 pervertere
431 2076 587 2156 volumus,
610 2076 856 2158 simplicissimis
880 2085 977 2161 atque
993 2079 1181 2145 certissimis
1198 2079 1330 2161 Oruquii
1344 2099 1415 2145 ver-

235 2189 286 2255 bis
308 2195 434 2255 tantum
458 2189 600 2254 tribuere
621 2187 717 2253 liceat
739 2207 868 2255 necesse
891 2197 956 2270 est,
979 2196 1015 2255 ut
1037 2191 1112 2255 inde
1134 2190 1251 2257 Nannii
1274 2192 1413 2257 codicem

221 2304 321 2368 -inter
344 2301 542 2381 Oruquianos
573 2298 673 2365 fuisse
705 2299 812 2382 colligi
841 2302 953 2381 possit.
998 2301 1108 2383 Neque
1129 2303 1229 2383 enim,
1252 2304 1336 2367 unde
1358 2302 1417 2366 hoc

235 2413 340 2494 ipsum
365 2411 522 2492 Oruquius
552 2415 748 2496 compertum
780 2410 942 2491 habuerit,
972 2418 1117 2478 nostrum
1141 2419 1191 2480 est
1213 2431 1337 2492 eruere,
1358 2413 1415 2476 sed

234 2525 267 2588 in
290 2523 498 2605 ipsis-verbis
521 2521 785 2602 acquiescendum
809 2523 926 2606 erit⁹).
969 2523 1070 2587 Porro
1085 2523 1222 2589 alterum
1238 2524 1411 2588 Duentzeri

236 2639 457 2718 argumentum
483 2633 547 2698 vim
578 2631 676 2697 habet
706 2651 838 2712 prorsus
869 2635 1006 2715 nnllam,
1045 2635 1122 2716 quia
1154 2635 1285 2716 Oruquii
1315 2635 1414 2701 uerba

235 2765 349 2829 parum
380 2749 531 2811 accurata
562 2762 600 2808 ex
622 2743 748 2808 dicendi
777 2747 915 2826 quadam
938 2746 1138 2830 neglegentia
1160 2751 1233 2811 orta
1254 2748 1414 2812 videntur.

235 2857 371 2921 —Huc
400 2855 538 2934 accedit,
568 2857 654 2935 quod
683 2855 842 2922 Matthias
873 2857 951 2937 (1.1.
975 2877 1005 2937 p.
1029 2857 1169 2940 12-28)
1198 2856 1359 2921 Nannium
1383 2861 1415 2920 et

238 2967 409 3048 Oruquium
433 2965 593 3046 permulta
615 2964 737 3029 scholia
759 2985 797 3030 ex
819 2967 958 3031 codem
981 2965 1069 3032 fonte
1090 2966 1238 3031 hausisse
1256 2971 1342 3030 recte
1358 2967 1411 3028 da-

236 3078 438 3142 monstravit.
476 3077 590 3158 Itaque
605 3095 675 3141 cum
690 3075 808 3141 Nannii
826 3077 964 3142 codicem
981 3076 1186 3142 Blandinium
1203 3095 1299 3141 unum
1315 3075 1414 3141 fuisse

238 3207 277 3252 ex
302 3186 493 3269 Oruquiauis
522 3188 691 3268 probatum
714 3187 773 3266 sit,
805 3189 987 3269 quaeritur,
1019 3194 1126 3254 utrum
1155 3187 1254 3254 fuerit
1285 3187 1415 3270 Gruquii

238 3299 484 3380 antiquissimus
515 3318 555 3363 an
586 3317 668 3364 unus
699 3318 737 3363 ex
767 3299 840 3364 aliis
870 3300 983 3366 tribus.
1026 3301 1074 3363 Ac
1100 3299 1256 3364 Matthias
1288 3300 1415 3380 quidem

239 3408 274 3493 (l.
296 3408 317 3473 l.
339 3429 370 3490 p.
392 3409 492 3492 3-6)
515 3429 585 3475 cum
608 3409 736 3474 Horatii
766 3387 865 3473 uitam
889 3427 908 3471 a
930 3409 1055 3473 Nannio
1077 3409 1197 3474 editam
1221 3427 1260 3473 ex
1283 3408 1415 3491 Gruquii

239 3521 347 3585 codice
379 3520 551 3584 Blandinio
583 3520 805 3600 antiquissimo
843 3517 991 3584 haustam
1023 3537 1093 3584 esse
1125 3519 1322 3600 argumentis
1355 3537 1414 3583 non

241 3630 479 3697 contemnendis
510 3630 707 3712 exposuerit,
739 3630 836 3694 etiam
865 3629 1002 3711 scholia,
1034 3649 1116 3712 quae
1138 3609 1283 3695 Nannius
1305 3630 1414 3708 edidit,

240 3743 289 3808 illi
318 3741 400 3807 libro
431 3741 542 3806 deberi
572 3745 675 3821 putat.
719 3740 810 3817 Quod
842 3747 879 3806 ut
901 3746 1096 3822 statuamus,
1119 3742 1333 3807 necessarium
1355 3760 1414 3806 non

240 3871 310 3919 esse
339 3853 414 3916 inde
443 3856 596 3932 apparet,
628 3852 712 3932 quod
735 3851 879 3917 Nannius
908 3853 1008 3918 vitam
1037 3853 1125 3920 illam
1148 3853 1265 3920 nonin
1288 3859 1414 3919 uetusto

327 4103 358 4180 9)
381 4103 529 4183 (iruquius
558 4123 626 4162 oum
654 4105 785 4177 codices,
816 4106 924 4185 quibus
954 4123 1025 4166 usus
1049 4111 1103 4179 est,
1125 4103 1299 4164 Blandinios
1323 4105 1415 4166 Roma

241 4206 416 4267 Gandavum
444 4207 606 4266 translatos
636 4227 700 4266 esse
729 4227 795 4268 cum
823 4208 987 4269 lectoribus
1011 4208 1243 4268 communicaret
1264 4207 1306 4284 (p.
1332 4207 1413 4282 647),

241 4307 363 4387 quinam
390 4307 519 4368 fuissent
546 4308 627 4369 varii
648 4329 752 4370 eorum
775 4330 872 4384 casus,
896 4311 996 4371 nescio
1019 4332 1037 4370 a
1059 4331 1127 4390 quo,
1150 4314 1287 4370 accurata
1310 4307 1413 4386 exqui-

242 4410 350 4472 sivisse
373 4409 503 4472 videtur.
