3118 5060
624 228 817 292 ..7-

137 420 205 470 suos
235 419 297 468 non
327 403 529 480 emendaret,
559 402 618 466 sed
648 419 687 466 ex
717 399 885 466 Puimanui
916 399 1056 466 editione
1087 420 1115 466 a
1140 397 1221 464 1577
1252 415 1315 466 non

137 519 274 579 mutatos
288 512 398 580 recudi
413 517 541 578 cureret
557 510 610 594 (ci.
626 511 866 594 Zangemeister
880 511 901 576 l.
917 512 938 576 i.
954 531 985 592 p.
1001 510 1312 592 tentatationes,

135 645 212 708 quae
234 627 264 692 ei
285 626 402 706 dignae
418 624 621 703 videbantur,
644 628 681 688 ut
703 624 735 690 in
758 627 942 690 contextum
964 641 1114 689 versuum
1133 621 1312 702 reciperen·

136 744 199 818 tur,
230 738 263 802 in
290 736 433 803 editione
454 755 483 800 a
508 735 591 800 1578
620 740 694 815 post
722 734 953 816 praefationem
976 735 1018 800 ad
1041 733 1194 800 lectorem
1217 732 1312 798 bene·

135 849 236 914 volum
251 848 404 929 scriptam
427 847 459 911 in
481 865 580 911 unum
597 851 790 928 congereret
834 850 880 911 At
898 846 1021 926 reliqna
1037 844 1167 910 Horatii
1181 843 1311 925 scripta,

135 963 285 1042 quantum
324 958 469 1040 equidem
507 958 649 1024 iudicare
685 959 776 1039 potui
790 959 860 1040 1¹),
904 977 966 1023 non
1003 956 1128 1038 integra
1164 973 1202 1021 ex
1238 955 1311 1020 aliis

133 1069 324 1135 editionibus
357 1068 494 1150 recepit,
529 1069 585 1134 sed
618 1068 728 1133 miritis
759 1068 837 1134 locis
868 1067 1007 1134 mutavit
1036 1073 1133 1149 atque
1163 1066 1310 1132 correxit

130 1181 246 1246 Verum
261 1187 368 1246 temen
384 1197 456 1245 cum
470 1178 647 1261 permultae
662 1179 751 1244 iniis
766 1183 892 1245 exstent
907 1179 1068 1258 lectiones,
1093 1196 1176 1259 quac
1197 1195 1308 1258 quam·

130 1309 223 1374 qnam
245 1289 467 1371 improbantur
497 1310 517 1355 a
540 1289 679 1372 Oruquio
700 1291 734 1356 in
757 1289 1034 1369 adnotationibus,
1065 1292 1212 1356 servatae
1234 1293 1309 1354 sunt

129 1401 159 1466 in
182 1405 351 1481 contemu,
383 1407 416 1466 et
446 1400 545 1482 aliae,
578 1419 659 1482 quae
690 1402 723 1466 in
751 1404 843 1466 textu
872 1419 933 1465 non
961 1399 1128 1482 leguntur,
1158 1398 1220 1466 etsi
1243 1400 1308 1464 siut

130 1513 369 1578 commendatae
398 1513 431 1578 in
460 1511 739 1590 adnotationibus,
771 1511 900 1578 Horatii
932 1511 1053 1592 scripte
1075 1517 1203 1592 praeter
1225 1510 1307 1590 iilos,

128 1641 205 1704 quos
228 1623 529 1704 supramemoravi,
552 1621 727 1689 carminum
750 1623 857 1705 libros,
877 1641 940 1688 non
963 1641 1094 1703 prorsus
1116 1622 1159 1687 ad
1174 1621 1306 1702 Gruquii

127 1734 277 1799 iudicium
308 1738 452 1798 correcta
485 1749 554 1799 esse
583 1737 728 1813 apparet.
758 1769 800 1780 -
828 1733 895 1799 Nec
925 1733 1098 1814 quidquam
1120 1732 1206 1798 vaiet
1226 1732 1306 1800 haec

126 1864 175 1910 res
206 1845 248 1908 ad
278 1862 364 1922 eam,
398 1862 493 1925 quam
525 1859 581 1908 nos
609 1845 781 1909 tractaturi
803 1862 931 1926 sumus,
962 1845 1197 1925 quaestionem,
1231 1862 1305 1910 nam

126 1954 328 2021 Muetzeilius
361 1972 485 2021 errasse
513 1954 601 2020 mihi·
624 1954 751 2020 videtur
782 1956 964 2036 auspicatus
994 1955 1027 2040 (l.
1058 1955 1078 2020 i.
1106 1973 1136 2036 p.
1159 1956 1236 2040 860)
1265 1975 1304 2021 ex

126 2071 277 2132 contextu
307 2064 435 2130 Horatii
464 2063 646 2146 Oruquiano
674 2065 839 2132 Biandinii
871 2066 1077 2132 vetustissimi
1111 2067 1180 2133 erui
1210 2086 1304 2148 posse

128 2177 291 2254 lectiones,
325 2193 405 2255 quas
427 2174 586 2255 Oruquius
608 2177 803 2242 auctoritate
824 2176 911 2242 iilius
934 2177 1051 2242 codicis
1074 2195 1134 2242 nou
1157 2195 1304 2258 expresse
1420 2239 1424 2248 .

129 2291 383 2354 commemorata,
397 2286 489 2366 quasi
511 2303 550 2350 ex
571 2285 696 2351 silentio
718 2287 882 2353 contextui
898 2287 1093 2353 inseruisset.
1136 2287 1219 2352 Nam
1241 2289 1303 2354 etsi

127 2396 331 2477 reperiantur
358 2395 391 2460 in
421 2414 458 2461 eo
486 2397 639 2462 lectiones
659 2397 693 2462 in
714 2397 802 2463 nuile
825 2398 964 2464 editione
986 2404 1165 2479 exstantes,
1194 2405 1302 2464 tamen
1338 2469 1340 2474 ,

123 2523 178 2572 eas
208 2506 241 2570 in
272 2505 381 2572 codice
403 2506 433 2571 V
462 2506 561 2573 fauisse
582 2507 669 2574 nudie
691 2511 785 2574 modo
807 2509 937 2591 probari
958 2515 1075 2591 potest.
1118 2511 1208 2589 Quae
1229 2525 1301 2577 cum

122 2617 171 2681 ita
192 2617 272 2698 sint,
294 2635 450 2699 nusquam
473 2619 592 2686 codicis
613 2618 642 2683 V
663 2618 815 2686 lectiones
837 2620 899 2686 nisi
920 2621 953 2686 in
975 2621 1054 2701 ipsis
1075 2621 1208 2702 cruquii
1230 2624 1301 2688 ad·
1336 2619 1337 2622 ’

120 2728 422 2794 notationibus
443 2728 590 2809 indagari
611 2735 755 2808 possunt

616 2899 747 2988 aa.

204 3034 377 3116 Negotium
400 3033 563 3100 codicisV
585 3034 738 3101 lectiones
758 3035 923 3116 equuii
945 3037 1298 3107 adnotationibus

118 3144 289 3226 colligendi
321 3146 388 3210 siue
418 3144 484 3210 ulla
514 3143 706 3214 difficultate
737 3147 779 3214 ad
807 3145 902 3212 finem
924 3149 1100 3228 perducere
1123 3167 1296 3234 possemne,

117 3255 147 3320 si
177 3253 231 3319 ille
265 3253 315 3320 vir
349 3255 462 3320 doetus
492 3273 617 3336 semper
653 3261 742 3322 certa
779 3275 817 3322 ac
847 3256 980 3324 definita
1009 3260 1134 3327 codices
1165 3265 1297 3330 notandi

115 3363 241 3430 ratione
271 3382 347 3430 usus
377 3370 471 3430 esset.
515 3364 579 3430 Sed
610 3371 676 3432 tam
699 3367 788 3433 vario
809 3369 904 3434 modo
928 3374 961 3433 et
982 3387 1204 3453 nonnunquam
1228 3378 1296 3440 tam

116 3474 247 3542 incertis
270 3474 375 3542 verbis
396 3475 549 3542 lectiones
570 3477 715 3558 protulit,
736 3483 774 3544 ut
791 3497 947 3561 quaenam
970 3481 1095 3547 omnino
1115 3483 1294 3564 scripturae

113 3585 217 3652 codici
246 3586 467 3665 antiquissimo
497 3587 709 3668 assignandae
740 3589 820 3670 sint,
851 3591 1037 3673 saepissime
1067 3592 1161 3658 vaide
1190 3595 1293 3662 sitin

112 3695 221 3762 dubio.
273 3696 408 3763 circiter
446 3699 530 3772 enim
562 3704 689 3766 centum
720 3703 952 3784 quinquaginta
983 3703 1134 3770 lectiones
1164 3705 1293 3774 disertis

113 3806 225 3874 verbis
248 3807 408 3890 quuius
430 3809 566 3877 codici
597 3810 822 3880 Biandinio
843 3814 1136 3880 vetustissimo
1158 3817 1289 3902 tribuit;

204 3985 253 4064 11)
277 3989 418 4048 Conferre
447 3993 532 4067 potui
561 3994 616 4053 has
645 3994 807 4054 editiones:
839 3997 1050 4056 Ascensianem
1078 4018 1103 4057 a.
1135 4003 1224 4060 1516.
1249 4036 1289 4044 -

109 4089 146 4147 G.
170 4089 301 4150 Fabricii
323 4091 523 4152 Baaiieensem
545 4113 570 4152 a.
597 4099 688 4155 1555.
715 4130 757 4140 -
785 4096 924 4155 Aldinam
947 4117 1013 4156 cum
1035 4099 1145 4161 Mureti
1168 4104 1288 4164 adnota-

106 4191 244 4250 tionibus
273 4213 300 4252 e.
333 4199 424 4253 1555.
461 4230 502 4239 -
538 4195 676 4256 Lambini
708 4218 733 4256 a
768 4198 858 4257 1577.
889 4233 931 4243 -
960 4199 1054 4260 Henr.
1086 4203 1230 4280 Stephani
1261 4225 1286 4267 e.

109 4291 204 4355 1577.
227 4327 268 4338 -
291 4297 328 4353 In
351 4297 553 4373 Epistularum
575 4298 660 4360 libris
682 4299 882 4375 Horatianus,
906 4301 1001 4380 qualis
1023 4306 1101 4380 apud
1124 4309 1285 4388 cruquium

104 4397 228 4471 iegitur,
250 4400 353 4459 textum
374 4399 423 4461 vei
444 4400 581 4477 proxime
603 4403 718 4464 accedit
738 4404 775 4462 ad
797 4405 1018 4466 Ascensianam.
