3118 5060
604 246 816 314 ...45-

122 421 204 504 ,simo
234 424 361 486 servata
386 422 438 483 est
463 436 539 485 uera
565 417 725 498 scriptura
748 435 810 498 ,res
832 415 1002 497 sponsore'.
1046 415 1119 481 Jam
1143 416 1305 499 hocloco,

134 531 315 614 quibusnam
330 529 529 611 argumentis
544 527 694 594 Kellerus
708 528 828 593 codicis
843 529 872 593 V
887 529 1113 594 auctoritatem
1136 511 1304 612 impugna-

132 643 215 721 verit,
237 641 333 725 plane
354 639 392 706 iit
403 640 616 722 perspicuum.
659 639 741 703 Nam
757 640 1015 723 quandoquidem
1032 641 1114 706 hano
1135 641 1303 709 lectionem

131 772 193 818 esse
214 753 413 818 verissimam
441 750 643 816 nullomodo
674 748 807 815 infitiari
836 757 960 833 potest,
995 758 1031 819 ut
1062 772 1101 817 ne
1131 753 1305 820 scintillula

132 865 252 946 quidem
276 862 479 929 auctoritatis
501 867 681 926 remuneret
703 860 871 927 Blandinio
895 863 986 946 libro,
1009 865 1092 928 banc
1114 863 1305 945 scripturam

132 975 251 1040 omnino
273 993 333 1039 non
366 973 464 1039 fuisse
485 973 518 1037 in
547 974 655 1038 codice
677 973 722 1053 V,
746 974 802 1038 sed
834 975 996 1040 inventum
1019 994 1039 1039 a
1062 974 1201 1056 cinquio
1229 977 1305 1042 sub-

131 1088 240 1152 iectam
271 1104 339 1180 osse
369 1085 416 1150 illi
446 1083 526 1149 libro
555 1083 727 1150 contendit.
780 1085 851 1163 Qua
880 1086 912 1151 in
944 1105 980 1152 re
1009 1087 1089 1152 adeo
1120 1085 1306 1153 nonfacere

131 1215 255 1278 possum
277 1215 349 1263 cum
372 1195 514 1275 Kellero,
545 1200 582 1261 ut
605 1194 779 1277 (lruquium
801 1214 863 1261 non
885 1198 979 1262 modo
1003 1197 1035 1263 in
1058 1198 1181 1263 tradita
1203 1201 1304 1280 scrip-

131 1316 201 1374 tura
230 1307 435 1390 ,responsors’
466 1306 657 1372 offensurum
688 1305 790 1372 luisse
821 1326 953 1389 prorsus
990 1327 1119 1390 negem,
1157 1308 1214 1375 sed
1246 1329 1304 1392 pro

129 1421 232 1485 hebeti
256 1437 312 1484 suo
335 1419 460 1500 ingenio
481 1437 519 1482 ne
547 1418 705 1484 inuenisse
735 1419 864 1498 quidem
888 1419 969 1487 hanc
997 1419 1212 1486 coniecturam
1234 1421 1305 1486 feli-

130 1533 285 1597 cissimam
316 1529 481 1597 affirmem.
524 1530 645 1596 Verum
668 1530 696 1596 si
725 1530 797 1612 quis
825 1530 908 1596 hanc
939 1531 1154 1598 coniecturam
1181 1533 1306 1599 Batavo

135 1642 225 1724 quasi
246 1661 304 1724 per
327 1661 471 1708 somnum
495 1642 527 1706 in
550 1648 686 1706 mentem
703 1642 827 1706 venisse
849 1641 1038 1725 suspicetur,
1061 1662 1122 1708 non
1144 1642 1304 1728 intellego,

133 1775 187 1820 cur
209 1773 278 1819 eam
302 1753 469 1834 Cruquins,
492 1752 636 1835 quamvis
659 1753 702 1818 sit
725 1754 905 1834 modestae,
928 1753 1030 1836 ipsius
1054 1755 1171 1820 codicis
1193 1762 1303 1822 ancto-

131 1868 226 1930 ritate
249 1863 384 1945 fulserit,
407 1881 478 1929 cum
494 1865 576 1930 alius
599 1865 836 1930 emendationes
857 1866 1028 1931 admodum
1051 1865 1206 1932 absurdas
1228 1886 1305 1948 pro-

129 1995 245 2059 ponere
268 1975 397 2041 minime
420 1974 618 2040 dubitauerit
640 1973 693 2057 (cf.
717 1977 841 2042 Menos.
864 1976 885 2042 l.
908 1977 928 2042 l.
950 1997 981 2060 p.
1005 1977 1070 2062 13).
1092 2013 1135 2024 -

108 2069 110 2075 ¹
212 2089 285 2153 dum
302 2093 500 2152 transeamus
516 2088 557 2150 ad
580 2087 660 2152 alias
683 2088 764 2152 duas
780 2087 942 2170 lectiones,
965 2106 1045 2168 quas
1066 2089 1128 2156 etsi
1150 2089 1306 2170 probatae

128 2202 191 2265 sint
214 2199 254 2263 ab
278 2198 423 2264 omnibus
445 2196 511 2263 iere
534 2197 611 2263 viris
637 2199 750 2277 doctis
772 2205 879 2265 tamen
905 2199 1068 2278 Kellerus,
1091 2199 1166 2280 quia
1188 2200 1219 2264 in
1243 2219 1305 2266 uno

128 2314 236 2378 codice
259 2312 286 2376 V
309 2309 450 2374 traditae
472 2315 556 2388 sunt,
579 2311 628 2375 ira
650 2317 683 2375 et
705 2311 813 2375 studio
834 2311 1022 2393 impugnare
1044 2310 1106 2376 sibi
1126 2313 1303 2394 proposuit.

127 2424 295 2508 Agendum
325 2422 408 2486 enim
438 2419 528 2485 nobis
556 2425 606 2486 est
628 2422 668 2485 de
697 2421 820 2488 duobus
842 2421 919 2487 loeis
949 2420 1135 2502 simillimis,
1167 2440 1302 2503 quorum

126 2536 209 2602 alter
231 2537 281 2600 θεῖ
302 2540 362 2598 εεῖ.
385 2533 427 2613 ΙΙ,
449 2532 537 2612 8,88,
561 2533 644 2598 alter
665 2537 726 2598 sat.
741 2533 786 2611 II,
807 2532 893 2612 4,44.Υ
916 2569 955 2580 -
978 2535 1026 2601 Αθ
1047 2534 1153 2615 priore
1175 2534 1304 2615 quidem

125 2648 158 2712 in
182 2663 277 2710 versu
298 2645 398 2709 codex
419 2643 609 2709 Blandinius
631 2643 867 2709 uetustissimus
890 2644 1021 2711 exhibet
1049 2645 1180 2726 ,anseris
1202 2645 1303 2712 albae’

126 2755 313 2838 (Gothanus
334 2752 450 2838 ,albe'),
481 2754 580 2820 ceteri
607 2753 741 2835 ,auseris
763 2754 847 2819 albi‘.
892 2756 994 2834 Quam
1025 2773 1134 2822 veram
1165 2756 1304 2838 scriptu·

123 2886 194 2933 ram
218 2884 286 2932 esse
315 2869 423 2931 censet
443 2863 606 2944 Kellerus,
639 2884 711 2931 cum
742 2865 889 2946 pluribus
920 2866 1013 2946 locis,
1047 2867 1163 2949 quibus
1193 2867 1305 2947 ,anser’

123 2984 175 3044 θεῖ
198 2975 364 3043 masculini
379 2976 514 3059 generis,
535 2977 678 3058 prolatis,
701 2975 813 3056 ,albae'
835 2996 896 3043 uon
916 2979 1009 3043 modo
1032 2979 1211 3061 quaesitam
1235 2996 1305 3046 esse

123 3090 297 3156 dictionem
332 3089 390 3153 sed
423 3089 520 3154 etiam
550 3087 726 3155 edicendi
758 3107 818 3155 usu
850 3088 1022 3155 abhorrere
1060 3089 1305 3156 animaduertat.

121 3199 245 3264 Verum
274 3199 338 3264 iam
360 3199 525 3265 Bentleius
558 3199 772 3281 antiquissimi
794 3199 958 3266 Blandinii
987 3199 1155 3267 lectionem
1177 3200 1305 3267 minime

121 3328 196 3376 esse
226 3311 487 3376 contemnendam
517 3307 710 3390 affirmavit,
741 3309 817 3392 quia
847 3311 1001 3377 Horatius
1028 3317 1105 3392 apte
1128 3312 1305 3396 exprimere

119 3421 290 3488 uideretur
323 3421 463 3502 ineptam
494 3415 681 3506 περιεργίαν
711 3419 896 3500 Nasidieni,
926 3422 1044 3505 quippe
1073 3423 1128 3503 qui
1159 3439 1302 3489 anserem

118 3553 185 3598 non
209 3532 303 3598 modo
324 3531 398 3598 albo
431 3533 534 3600 colore
556 3534 614 3598 sed
644 3532 742 3598 etium
772 3531 959 3600 femininam
989 3551 1058 3600 esse
1088 3534 1228 3600 convivis
1251 3553 1304 3600 ex·

117 3662 242 3724 ponere
265 3643 370 3710 vellet.
416 3646 518 3723 Quam
542 3645 586 3709 ad
615 3644 807 3739 sententiam
836 3624 1083 3711 confirmandam
1110 3646 1303 3728 permultum

118 3754 232 3819 valere
265 3771 393 3836 censeo,
427 3773 509 3837 quae
530 3755 677 3822 Ritterus
707 3759 740 3820 et
762 3756 947 3838 Kruegerus
976 3756 1008 3833 in
1040 3757 1215 3822 editionum
1247 3758 1304 3822 ad·

115 3865 343 3932 notationibus
366 3865 614 3947 explicaverunt.
658 3865 741 3930 Nam
764 3866 862 3931 verba
884 3866 1017 3946 ,anseris
1039 3867 1140 3932 albae‘
1163 3885 1217 3948 co,
1240 3885 1302 3948 quo

115 3977 288 4044 Bentleius
303 3977 536 4059 interpretatus
558 3984 617 4059 est,
640 3980 733 4074 modo
755 3977 970 4060 intellegenda
991 3995 1062 4043 esse
1084 3979 1304 4044 demonstrant

115 4089 344 4155 antecedentis
359 4107 470 4154 uersus
486 4088 584 4155 verba
600 4091 700 4172 ,gruis
715 4088 836 4174 sparsi.
866 4091 1065 4171 Quamquam
1081 4088 1164 4154 enirn
1181 4089 1304 4170 ,sparsi'

114 4197 191 4264 sine
215 4198 281 4264 ulla
302 4199 481 4266 differentia
502 4201 535 4266 in
558 4202 705 4268 omnibus
727 4201 890 4268 codicibus
912 4200 1041 4282 legitur,
1064 4204 1171 4264 tumen
1195 4217 1304 4266 vocem

113 4307 221 4391 ,grus'
253 4309 440 4391 plerumque
469 4311 619 4379 feminine
653 4317 839 4393 usurpatam
872 4330 942 4377 esse
975 4316 1101 4376 constat
1137 4309 1188 4390 (cf.
1222 4310 1303 4376 Gell.

111 4419 156 4485 N.
182 4421 224 4486 A.
246 4419 318 4502 Vll,
344 4421 392 4485 16.
415 4457 456 4468 -
480 4422 561 4490 Stat.
585 4425 661 4490 Silv.
684 4425 748 4506 IV,
771 4425 831 4505 6,8.
854 4459 896 4490 -r
919 4423 982 4490 (iic.
1005 4423 1079 4490 Nat.
1102 4423 1197 4489 Deor.
1220 4423 1303 4504 2,49.
