3118 5060
711 228 925 294 -24-

229 399 399 480 curaverit,
420 399 555 464 maxime
570 399 700 464 idoneos
715 403 846 481 putasse
861 401 997 481 videtur,
1018 399 1132 481 quibus
1152 398 1283 479 quuii
1305 399 1420 480 negle-
1549 391 1550 400 ’

190 533 193 538 ·
228 510 335 590 gentis
355 507 413 573 fiat
435 509 613 576 manifesta.
658 514 764 593 Atque
786 530 842 576 uos
858 511 986 593 quidem
1008 512 1122 577 merito
1143 511 1351 590 postulamus
1375 515 1417 574 ut

227 622 288 687 oiri
310 621 396 687 docti
417 620 551 686 alicuius
573 621 738 703 scriptoris
761 621 859 688 libros
887 623 1005 712 edituri
1025 619 1304 704 praestantiorum,
1333 638 1417 699 quos

229 733 445 813 contulerunt,
475 731 617 798 codicum
647 732 798 798 lectiones
827 753 936 800 omnes
966 732 1207 815 diligentissime
1244 733 1414 796 adnotent.

229 844 348 908 Verum
359 846 433 908 ante
444 843 524 908 haec
537 843 600 908 tria
611 842 738 908 saecula
748 843 809 910 viri
821 844 906 926 docti
917 844 1008 927 longe
1019 843 1084 909 alia
1095 843 1218 909 ratione
1229 841 1412 908 utebantur.

230 952 388 1035 Oruquius
407 953 499 1032 enim,
521 953 549 1019 si
565 954 705 1037 aliquam
716 954 882 1022 lectionem
894 955 1058 1022 meliorum
1070 952 1413 1022 codicnmauctoritate

233 1063 410 1128 stabilitam
433 1063 573 1146 videbat,
596 1066 724 1131 eosdem
739 1066 913 1148 inspexisse
935 1067 1015 1133 satis
1030 1065 1169 1132 habebat
1192 1082 1293 1156 neque
1314 1063 1412 1128 etiam

234 1173 452 1255 manuscripta
474 1175 584 1257 peiora
605 1176 740 1258 putabat
770 1176 925 1241 adeunda.
970 1178 1039 1254 Quo
1061 1175 1180 1241 factum
1204 1175 1347 1255 videtur,
1377 1177 1414 1237 ut

231 1283 389 1366 Oruquius
411 1304 633 1367 nonnunquam
656 1288 696 1353 de
711 1285 857 1352 omnibus
880 1286 1042 1354 codicibus
1064 1292 1181 1365 narret,
1204 1283 1334 1350 tametsi
1352 1302 1413 1348 non

229 1414 337 1461 omnes
352 1395 510 1476 adhibuit,
532 1397 693 1478 quiscum
709 1399 846 1478 primum
867 1399 1003 1478 optimos
1027 1397 1219 1464 contulisset
1242 1414 1300 1462 nec
1323 1393 1414 1459 diffe-

231 1507 369 1572 rentiam
397 1507 570 1573 invenisset
591 1511 633 1574 ad
662 1510 786 1590 peiores
816 1509 1028 1591 inspiciendos
1059 1505 1224 1572 deficiebat
1254 1504 1415 1586 patientia

233 1622 330 1699 atque
353 1617 621 1702 industria(c.1,
645 1620 734 1700 17,9;
757 1620 824 1700 HI,
847 1617 935 1699 25,6;
964 1626 1024 1684 sat.
1046 1619 1079 1700 I,
1102 1619 1192 1700 1,19;
1222 1618 1282 1695 39;
1304 1617 1361 1695 91;
1383 1617 1415 1695 2,

234 1729 291 1808 14;
324 1728 413 1809 3,96;
443 1734 505 1794 sat.
527 1730 575 1810 ll,
595 1731 688 1813 3,96;
722 1733 799 1811 194;
833 1732 914 1811 2603
947 1750 995 1813 ep.
1016 1731 1047 1812 l,
1070 1731 1161 1810 2233
1194 1727 1303 1809 18,5s;
1337 1730 1416 1808 111;

232 1859 259 1904 a.
283 1859 313 1922 p.
335 1839 392 1918 493
421 1839 502 1920 2493
534 1842 622 1922 393),
645 1878 686 1892 -
710 1845 909 1924 Quamquam
940 1841 1039 1923 igitur
1061 1840 1234 1921 Gruquium
1265 1840 1315 1904 his
1337 1838 1412 1905 locis

232 1949 326 2015 nimis
349 1968 384 2014 se
405 1951 542 2031 gessisse
565 1953 768 2036 neglegenter
789 1954 942 2034 concedo,
974 1957 1080 2017 tamen
1103 1951 1165 2016 etsi
1186 1969 1248 2016 non
1280 1967 1413 2029 semper,

233 2060 288 2126 ubi
311 2062 450 2126 omnium
473 2062 616 2128 codicum
639 2064 733 2130 affert
755 2064 964 2144 scripturam,
987 2080 1095 2128 omnes
1118 2062 1305 2140 contulerit,
1334 2060 1416 2125 inter

233 2190 302 2253 eos,
336 2189 415 2254 qnos
445 2173 598 2255 inspexit,
631 2195 756 2258 semper
784 2174 882 2241 fuisse
916 2172 1119 2239 Blandinium
1160 2171 1415 2254 antiquissimum

234 2301 325 2348 nemo
341 2281 540 2364 infitiabitur,
562 2287 617 2368 qui
639 2287 751 2368 quanti
766 2284 984 2372 aestimaverit
1000 2283 1159 2365 cruquius
1181 2282 1266 2347 hunc
1287 2280 1412 2361 librom,

233 2411 340 2458 secum
362 2393 619 2461 consideraverit.

319 2488 393 2569 lam
423 2522 494 2570 cum
527 2507 632 2573 adhuc
664 2527 703 2573 ex
738 2506 870 2590 Oruquii
902 2505 1161 2572 adnotationibus
1193 2503 1268 2571 licet
1301 2523 1414 2587 parum

234 2615 394 2681 accuratis
418 2616 535 2684 codicis
557 2618 586 2683 V
608 2603 947 2701 scripturoa'expedini
968 2633 1062 2699 posse
1084 2617 1278 2696 viderimus,
1310 2622 1414 2680 tamen

235 2726 360 2792 duabus
381 2725 413 2790 in
436 2728 530 2794 rebus
552 2737 660 2796 utrum
682 2730 839 2797 erraverit
861 2748 959 2795 necne
980 2747 1042 2793 non
1068 2745 1194 2808 semper
1216 2726 1279 2792 dici
1300 2731 1416 2808 potest,

234 2843 271 2903 ut
292 2835 362 2904 fieri
390 2838 510 2920 possit,
541 2845 578 2904 ut
599 2841 682 2909 inter
704 2859 775 2921 em,
807 2858 888 2922 quas
911 2839 1091 2922 congesturi
1121 2856 1230 2904 sumus
1258 2836 1416 2917 lectiones,

235 2949 299 3012 sint
329 2948 516 3029 nonnullae,
546 2969 628 3033 quae
658 2951 759 3019 codici
781 2952 810 3016 V
833 2955 919 3016 recte
948 2949 1047 3015 tribui
1070 2967 1130 3015 non
1160 2953 1302 3029 possunt.
1346 2945 1414 3010 Pri-

235 3077 320 3123 mum
344 3059 427 3124 enim
450 3077 512 3124 non
541 3079 666 3144 semper
688 3066 837 3128 accurate
860 3059 1065 3142 diiudicarit,
1094 3061 1173 3142 quid
1202 3059 1309 3142 priori,
1339 3057 1414 3139 quid

235 3169 331 3234 alteri
354 3187 450 3234 manu
473 3171 643 3237 deberetur
664 3174 705 3256 (c.
727 3172 759 3252 Ι,
783 3171 871 3252 7,15;
900 3171 1126 3253 sat.1,'1,38;
1159 3170 1269 3250 6,117;
1292 3178 1352 3233 sat.
1374 3167 1416 3246 Π,

236 3281 328 3362 4,Ι9;
353 3280 440 3360 7,34;
464 3301 512 3364 ep.
535 3284 578 3363 Π,
604 3282 720 3368 trit),
743 3291 811 3349 tum
834 3284 1012 3365 scripturae
1034 3282 1220 3364 compendia
1242 3285 1299 3346 aut
1319 3281 1415 3344 inter·

237 3391 418 3474 punctionis
441 3391 533 3474 signa
560 3414 782 3476 nonnunquam
810 3413 908 3476 prave
938 3392 1096 3459 intellexit
1118 3394 1159 3476 (c.
1182 3394 1215 3474 I,
1241 3392 1327 3471 12,3;
1359 3389 1415 3468 ΙΙΙ,

238 3501 305 3582 7,4;
324 3507 384 3566 sat.
407 3504 434 3590 1,
456 3504 545 3585 6,86;
568 3513 629 3572 sat.
650 3507 702 3584 Il,
727 3505 812 3585 1,85;
835 3503 930 3586 4,48).
955 3541 994 3550 -
1034 3503 1176 3588 Denique
1199 3511 1249 3569 ter
1270 3523 1287 3568 e
1310 3501 1415 3567 codice

237 3615 351 3678 Diveei
375 3621 485 3694 aperte
508 3614 846 3705 scripturamprolert,
869 3633 951 3695 quae
973 3615 1004 3679 in
1028 3634 1065 3681 eo
1088 3633 1149 3680 non
1171 3614 1333 3681 exstabat:
1356 3617 1415 3678 sat.

237 3735 263 3812 Ι,
289 3732 380 3811 10,59
403 3730 477 3814 ,qui'
492 3750 550 3812 pro
574 3728 689 3811 ,quid’;
711 3733 771 3794 sat.
795 3727 837 3807 ll,
858 3725 931 3806 5‚3s
953 3725 999 3804 ,si'
1021 3745 1080 3807 pro
1103 3725 1182 3806 ,sis'3
1205 3743 1253 3806 ep.
1275 3725 1302 3806 I,
1327 3720 1413 3798 1731

109 3911 112 3916 .
239 3842 363 3926 ,pascis’
385 3861 444 3924 pro
466 3841 597 3923 ,poscis'.
641 3837 989 3919 Verum,talieg⁶etiam
1012 3855 1095 3903 nunc
1116 3837 1194 3902 viris
1217 3836 1320 3902 doctis
1342 3852 1415 3898 non·

238 3973 398 4034 nunquam
420 3952 586 4020 accidunt„
969 3961 972 3965 ·

324 4065 446 4143 Quibus
467 4063 563 4128 rebus
584 4062 737 4144 expositis
752 4080 792 4127 ne
814 4062 933 4124 temere
954 4059 1072 4126 codicis
1088 4058 1117 4122 V
1131 4059 1285 4125 lectiones
1307 4073 1415 4121 eruen-

240 4175 298 4240 das
320 4175 481 4256 suscipere
502 4175 630 4253 videar,
651 4159 805 4255 primum,
827 4170 904 4236 licet
926 4187 1150 4250 nonnunquam
1174 4169 1333 4251 Gruquius
1355 4187 1415 4234 non

238 4292 325 4353 recte
346 4287 460 4368 legerit
481 4286 532 4352 vel
553 4285 722 4368 protulerit
743 4282 904 4349 Blandiuii
926 4283 1119 4363 scripturas,
1141 4299 1212 4348 eas
1235 4299 1310 4345 non
1334 4283 1415 4345 tam

240 4395 391 4463 multas
413 4415 503 4464 esse
532 4395 718 4474 affirmo,
749 4400 793 4460 ut
821 4398 871 4461 de
899 4393 1065 4461 codicis
1093 4399 1246 4459 natura
1276 4392 1415 4474 dispu-
