3118 5060
687 271 900 338 ..44-

203 442 380 509 sententiae
403 448 530 509 nostrae
553 441 647 509 fidem
669 442 827 523 facerent,
857 443 884 509 si
907 462 963 509 ees
991 445 1120 525 praeter
1147 462 1242 508 uuum
1276 461 1384 508 omnes

203 552 300 618 falsas
333 572 403 619 esse
434 553 562 620 Kellero
590 559 675 620 esset
707 554 940 620 concedendum
971 552 1005 637 (l.
1027 553 1050 617 1.
1069 573 1100 635 p.
1124 554 1211 634 802).
1255 553 1317 620 Sed
1346 572 1385 620 ne

203 662 263 729 bae
307 663 435 746 quidem
472 664 512 729 de
549 683 583 730 re
619 665 674 732 illc
710 666 760 731 vir
804 666 916 732 doctus
954 668 1041 730 recte
1079 663 1246 744 iudicarit,
1299 666 1383 747 quod

203 780 426 856 argumentum
464 776 601 858 sumpsit
636 776 734 841 etiam
774 795 813 842 ex
847 776 887 840 iis
918 775 1124 853 lectionibus,
1169 794 1267 858 quae,
1311 793 1382 842 cum

204 903 265 950 non
288 885 432 968 integrae
462 888 520 954 scd
551 906 662 953 erasae
689 887 742 953 ‘rel
775 887 963 952 obscuratae
993 887 1025 951 io
1053 887 1162 954 codice
1183 886 1213 951 V
1234 885 1382 966 fuissent,

203 994 297 1060 valde
320 997 435 1064 dubias
457 1017 527 1065 esse
548 1017 648 1079 supra
669 999 710 1080 (1,
732 999 750 1080 ξ
773 997 807 1081 8)
830 997 1042 1080 exposuimus.
1064 1032 1106 1043 —
1141 998 1248 1076 Quare
1270 997 1302 1060 in
1323 996 1384 1060 hac

202 1109 389 1185 quaestione
420 1110 619 1175 instituenda
646 1109 842 1175 omittendae
870 1114 944 1175 sunt
974 1108 1051 1173 hae:
1089 1107 1252 1187 ‚Rhesum’
1275 1107 1315 1188 (c.
1337 1107 1380 1187 11,

205 1217 323 1299 1933),
345 1219 472 1298 ‚tonsor’
494 1225 566 1301 (sat.
589 1222 613 1302 Ι,
636 1221 756 1304 3332),
778 1219 916 1302 ,quaere'
938 1222 1012 1302 (sat.
1034 1220 1078 1301 11,
1100 1219 1218 1302 3388),
1241 1219 1385 1300 ,contigit

203 1324 240 1391 is’
263 1327 326 1412 (ep.
349 1331 381 1413 Ι,
405 1333 501 1416 236).
524 1370 565 1380 -
595 1333 717 1400 Deinde
745 1332 896 1399 lectiones
924 1329 1077 1412 ,lividum’
1106 1335 1143 1409 (c.
1165 1330 1198 1410 Ι,
1220 1329 1329 1412 3530)
1352 1334 1385 1394 et

156 1475 159 1484 .
204 1441 365 1524 ‚portavit‘
389 1445 463 1525 (sat.
485 1444 532 1523 ΙΙ,
555 1443 665 1525 3303)
686 1445 719 1508 in
743 1445 851 1509 codice
873 1444 902 1509 V
924 1442 1050 1508 omnino
1072 1457 1135 1507 non
1161 1441 1264 1509 fuisse
1286 1461 1385 1524 supra

205 1554 393 1620 monuimus.
436 1556 573 1620 Restant
594 1555 695 1636 igitur
716 1556 800 1620 duae
821 1559 945 1620 tantum
969 1571 1088 1635 pravae
1114 1555 1294 1636 scripturae
1317 1553 1384 1633 ,he-

207 1665 273 1730 bili'
297 1665 337 1749 (o.
359 1667 419 1748 ΙΙΙ,
443 1667 551 1749 1934)
574 1672 607 1732 et
630 1665 711 1750 ,quo’
735 1667 810 1751 (sat.
832 1667 874 1746 ΙΙ,
897 1665 1002 1750 833),
1024 1665 1141 1745 quibus
1163 1665 1289 1731 adicere
1311 1683 1384 1746 pos-

206 1795 276 1842 sum
298 1777 464 1843 lectionem
488 1778 611 1860 ,laetus’
633 1779 673 1860 (c.
696 1778 751 1858 IV,
774 1777 871 1861 638).
894 1813 936 1824 -
965 1777 1083 1844 Verum
1107 1776 1286 1859 scripturae
1308 1776 1383 1855 ‚lae-

203 1887 261 1952 dit’
277 1888 339 1972 (ep.
355 1889 397 1969 11,
420 1891 516 1968 236),
539 1889 603 1972 ‚qui
617 1908 709 1955 nemo
725 1889 771 1953 ut’
794 1892 867 1973 (sat.
882 1890 909 1970 Ι,
933 1887 1051 1971 aloa),
1070 1886 1163 1970 ‚quoi'
1185 1888 1229 1969 (a.
1244 1906 1276 1969 p.
1291 1886 1384 1967 426),

207 1999 391 2080 ,versemur‘
421 1999 496 2082 (set.
519 2000 552 2080 1,
585 1999 689 2084 330),
726 2000 882 2084 ,Agylleu’
910 2001 951 2081 (c.
982 1999 1043 2079 IV,
1076 1999 1178 2081 638),
1218 2018 1289 2064 cum
1328 2015 1386 2079 per

206 2128 241 2174 se
262 2109 340 2175 ferri
362 2111 487 2193 possint
515 2117 612 2192 utque
634 2131 654 2178 a
677 2112 757 2178 satis
785 2110 895 2178 multis
924 2111 1102 2177 editoribus
1132 2116 1279 2194 receptae
1309 2112 1383 2192 sint,

205 2223 310 2286 nescio
332 2242 371 2287 an
395 2225 459 2288 sint
479 2241 611 2306 prorsus
637 2225 840 2305 probandae,
870 2223 898 2289 si
920 2223 1126 2289 Blandinium
1151 2223 1292 2289 codicem
1315 2241 1385 2290 esse

203 2335 358 2414 optimum
389 2336 719 2402 demonstraverimus.
770 2335 851 2400 Nam
891 2352 963 2400 curu
1000 2339 1066 2399 tres
1104 2338 1230 2398 tanturn
1262 2353 1383 2414 earum,

204 2464 286 2527 quae
307 2447 363 2511 uni
392 2447 494 2532 codici
517 2447 547 2512 V
569 2447 742 2527 debentur,
777 2446 947 2512 lectionum
977 2445 1071 2525 plane
1103 2445 1169 2511 sint
1192 2445 1382 2526 reiciendse,

206 2562 327 2639 septem
350 2577 424 2623 vere
446 2558 601 2639 genuinas
623 2575 693 2622 esse
715 2557 923 2624 statuendum
946 2574 1067 2624 censeo.

292 2668 364 2734 Jarn
395 2669 532 2750 primurn
560 2670 716 2750 omnium,
747 2687 828 2750 quus
859 2670 956 2736 codex
977 2668 1006 2733 V
1027 2668 1178 2751 praebet,
1209 2668 1380 2735 lectionum

206 2783 318 2844 notatu
341 2782 538 2864 dignissima,
559 2800 703 2864 quaeque
726 2782 795 2848 sola
815 2788 893 2864 apta
914 2782 974 2860 sit,
998 2787 1051 2860 ut,
1073 2780 1178 2862 qualis
1199 2780 1242 2846 sit
1265 2780 1382 2847 codicis

206 2891 367 2958 Blandinii
398 2893 611 2974 antiquissimi
651 2899 784 2972 natura,
815 2894 910 2976 plane
947 2894 1158 2972 demonstret,
1190 2893 1310 2974 legitur
1341 2893 1383 2957 ad

207 3010 267 3068 sat.
289 3005 316 3083 Ι,
339 3005 448 3085 ulau:
471 3004 569 3087 ,fugio
591 3023 739 3087 campum
760 3005 927 3085 lusumque
948 3003 1126 3085 trigonem’.
1169 3003 1261 3069 Hanc
1282 3006 1383 3086 scrip·

207 3120 311 3181 turam
342 3116 507 3198 bucusque
538 3133 645 3181 omnes
675 3116 742 3181 fere
773 3115 911 3182 editores
943 3133 1066 3181 summo
1096 3116 1215 3197 gaudio
1245 3115 1384 3196 amplexi

206 3233 281 3293 sunt
301 3226 616 3310 praeterHolderum
639 3233 671 3292 et
693 3227 868 3307 Kellerum,
890 3228 953 3310 qui,
976 3244 1040 3308 qua
1062 3245 1132 3293 esse
1155 3227 1237 3293 solet
1258 3227 1384 3292 iracun-
1421 3241 1430 3256 ·

207 3338 271 3417 dia,
294 3339 473 3419 ubieunque
502 3340 622 3405 mentio
652 3337 691 3403 fit
719 3339 837 3405 codicis
860 3338 898 3417 V,
921 3339 1118 3421 argumentis
1149 3338 1253 3420 magis
1284 3336 1384 3403 artifi-

206 3449 300 3516 ciosis
322 3469 417 3532 quam
440 3452 481 3516 ad
503 3451 760 3532 persuadendum
782 3448 882 3515 firmis
904 3469 974 3515 eam
998 3469 1015 3514 e
1037 3457 1215 3516 ceterorum
1238 3449 1383 3515 codicum

207 3562 367 3645 scriptura
397 3561 525 3641 ,rabiosi
555 3565 701 3642 tempora
730 3559 824 3643 signi'
857 3567 960 3626 ortam
999 3562 1218 3628 demonstrare
1250 3568 1383 3628 conatus

207 3693 338 3753 operam
361 3679 394 3740 et
416 3673 521 3740 oleum
542 3673 695 3755 perdidit.
718 3673 817 3756 (Epil.
839 3692 870 3755 p.
885 3671 1065 3739 483τ488.
1088 3677 1321 3753 ——praeterea
1344 3672 1384 3738 ei.

208 3804 290 3868 quae
312 3786 353 3850 de
381 3785 443 3850 huo
464 3803 498 3850 re
528 3790 723 3851 commentus
753 3789 804 3851 est
825 3785 986 3850 Holderus
1014 3784 1046 3850 in
1070 3783 1208 3849 Hermae
1229 3783 1291 3849 rol.
1313 3783 1386 3863 XII,

207 3916 239 3979 p.
261 3896 456 3977 501-503).
479 3933 520 3942 -
543 3895 613 3974 Qua
626 3899 669 3962 de
691 3915 727 3961 re
742 3914 813 3964 cum
829 3896 893 3960 iam
909 3895 1067 3977 copiosius
1089 3898 1186 3975 atque
1208 3895 1386 3962 rectissime

209 4008 397 4074 disseruerit
420 4006 587 4074 Menestas
609 4007 730 4090 (Ueber
752 4009 814 4073 den
838 4007 927 4073 Wert
949 4012 1008 4072 cta
1030 4027 1061 4088 p.
1078 4007 1229 4090 19-24),
1252 4007 1294 4071 ad
1316 4006 1385 4072 eius

208 4120 308 4202 ipsius
330 4119 428 4186 verba
451 4119 586 4186 lectores
607 4119 686 4184 mihi
709 4119 806 4185 liceat
829 4117 989 4200 delegare,
1011 4119 1200 4199 praesertim
1223 4137 1294 4185 cum
1317 4118 1386 4182 eius

207 4239 395 4314 argumenta
416 4252 436 4297 a
458 4230 760 4316 Blandiniifcodicis
790 4229 986 4295 adversariis
1016 4228 1103 4294 nullo
1130 4229 1228 4294 verbo
1250 4229 1314 4295 siut
1336 4229 1384 4294 in·

209 4343 345 4409 firmata.
367 4378 410 4389 —

294 4455 419 4524 Deinde
440 4457 482 4523 ad
505 4476 553 4540 ep.
576 4456 602 4536 1,
627 4455 719 4540 16,43
742 4473 781 4521 ex
808 4473 870 4519 ono
892 4453 1062 4521 Blandinio
1090 4453 1199 4520 codice
1229 4452 1384 4535 antiquis-
