3118 5060
617 205 902 270 Ι--14-

209 378 324 459 ltaque
356 377 388 442 in
417 377 524 442 codiee
547 377 574 442 V
605 376 774 442 iudicando
807 376 887 441 tales
909 376 1061 442 lectiones
1082 377 1301 458 respiciendae
1323 395 1385 442 non

207 494 300 553 erunt
332 495 364 552 et
394 488 475 554 male
498 487 681 553 Mewesium
713 486 826 552 fecisse
855 489 1028 569 contendo,
1062 489 1146 568 quod
1169 507 1208 552 ex
1229 489 1276 552 eis
1297 487 1384 568 locis,

205 599 260 665 ubi
281 600 434 664 lectiones
451 599 548 663 trium
565 598 804 663 Blandiniorum
821 599 1007 679 afferuntur,
1030 600 1241 664 vetustissimi
1263 600 1384 665 codicis

205 711 397 790 scripturam
430 727 541 773 eruere
572 714 704 773 conotus
733 715 790 773 est.
834 709 979 792 Itemque
1009 711 1040 775 in
1063 717 1177 792 quarto
1200 711 1381 776 Carminum

205 821 297 899 libro,
319 820 370 884 vel
393 824 429 883 ut
451 820 552 885 voluit
570 819 744 900 Meuesius,
767 820 807 885 ab
831 821 973 884 Odarum
995 820 1069 886 libri
1091 822 1223 887 secundi
1245 822 1383 888 camnine

205 933 301 996 tertio
324 932 446 995 decimo
461 947 560 1010 usque
583 932 624 996 ad
642 931 749 1012 quarti
763 930 868 1010 finem,
891 931 1130 1013 quibuscunque
1152 931 1230 998 locis
1243 933 1382 998 'duomm

205 1042 441 1106 Blandiniorum
472 1043 651 1123 scripturae
674 1042 847 1108 adnotatae
868 1042 1034 1123 leguntur,
1057 1061 1128 1120 eae,
1151 1061 1233 1124 quae
1254 1043 1295 1108 ab
1318 1044 1383 1109 illis

207 1154 391 1240 discedunt,
424 1171 498 1216 nmn
522 1152 624 1218 codici
646 1151 675 1217 V
697 1153 762 1217 siut
783 1153 989 1234 tribuendae,
1022 1153 1115 1218 valde
1149 1154 1180 1217 in
1203 1153 1301 1219 dubio
1323 1161 1381 1220 est

211 1266 321 1345 Neque
349 1255 435 1349 enirn,
462 1265 636 1346 quidquam
665 1265 752 1330 ualet
773 1270 995 1344 argumentum
1018 1266 1157 1331 Mewesii
1187 1267 1266 1331 haec
1295 1263 1382 1330 affir-

203 1377 336 1441 mantis:
368 1375 509 1455 „Quodsi
531 1393 609 1457 quas
631 1376 783 1441 lectiones
811 1376 842 1438 in
865 1395 926 1440 uno
950 1375 1118 1441 Blandinio
1139 1395 1159 1440 a
1181 1394 1216 1441 se
1236 1383 1381 1457 repertas

203 1487 361 1566 Oruquius
384 1486 530 1568 protulit,
554 1505 608 1550 eas
631 1485 800 1550 Blandinio
822 1486 1038 1552 vetustissimo
1060 1487 1170 1552 deberi
1187 1493 1379 1568 'persuasum

203 1598 365 1677 habemus,
396 1597 549 1677 sequitur,
578 1601 615 1660 ut
637 1615 745 1662 omnes
767 1598 956 1678 scripturae,
988 1616 1069 1679 quae
1091 1598 1254 1663 extribus
1277 1599 1326 1664 vel
1348 1600 1380 1662 in

201 1708 393 1774 carminibus
416 1710 491 1772 inde
512 1728 532 1772 a
553 1709 603 1786 Π,
634 1709 673 1773 13
696 1727 735 1772 ex
756 1709 881 1774 duobus
904 1715 1033 1774 notatae
1055 1714 1146 1788 sunt,
1168 1728 1189 1772 a
1211 1709 1380 1774 Blandinio

202 1820 417 1885 vetustissimo
440 1819 558 1884 fuerint
580 1820 718 1899 alienuc3
751 1820 783 1884 id
806 1821 891 1901 quod
913 1838 951 1883 eo
974 1825 1025 1884 est
1047 1819 1265 1897 uerisimiliuS,
1295 1820 1380 1902 quod

201 1933 286 1995 inter
316 1931 451 2009 triginta
481 1929 547 1993 fere
577 1929 727 1994 lectiones
760 1929 819 1993 hac
850 1930 973 1994 ratione
1003 1935 1130 1995 notatas
1161 1932 1213 1995 vix
1235 1950 1298 1995 una
1320 1937 1379 2011 est,

200 2060 282 2121 quae
303 2047 369 2105 tani
391 2045 516 2105 vetusto
538 2039 645 2105 codiee
666 2041 710 2105 sit
731 2041 856 2121 digna.“
901 2040 983 2104 Nam
1005 2040 1067 2120 his,
1088 2060 1170 2123 quaa
1191 2044 1284 2106 modo
1305 2061 1379 2122 pro-

200 2154 277 2232 tuli,
306 2151 413 2217 verbis
437 2150 602 2216 Mewesius
623 2152 672 2229 id,
703 2152 788 2232 quod
810 2153 1090 2218 demonstrandum
1114 2159 1200 2231 erat,
1230 2153 1294 2216 iam
1323 2156 1379 2219 de-

201 2269 412 2328 monstratum
442 2261 566 2326 statuit.
598 2299 639 2308 -
670 2262 821 2326 Attamen
844 2263 929 2327 idem
953 2263 1002 2328 vir
1024 2265 1137 2329 doctus
1159 2283 1197 2328 ex
1218 2265 1259 2328 iis
1280 2265 1378 2329 omni·

202 2375 261 2438 bus
283 2373 369 2453 lucie,
391 2371 514 2452 quibus,
537 2389 606 2436 cum
629 2373 726 2436 trium
749 2372 892 2438 codicum
914 2373 1153 2438 Blandiniorum
1176 2374 1380 2455 proferantur

201 2479 368 2562 lectioneS,
392 2481 525 2548 alteram
549 2481 589 2545 ab
611 2482 668 2546 illa
689 2481 918 2570 abhorrentem
936 2484 1038 2549 codici
1060 2485 1087 2549 V
1109 2485 1290 2566 adscripsit,
1313 2491 1378 2550 tres

201 2600 309 2659 censet
324 2593 505 2658 eximendos
522 2593 556 2672 (l.
572 2592 591 2657 l.
608 2611 638 2673 p.
652 2593 717 2676 61).
741 2592 823 2658 Sunt
837 2601 944 2658 autem
962 2595 1010 2659 hi:
1027 2596 1123 2670 satl,
1141 2596 1230 2675 10,41
1248 2598 1292 2676 (p.
1303 2597 1377 2676 403,

200 2706 250 2788 b);
273 2710 331 2768 sat
348 2705 389 2785 ΙΙ,
413 2703 485 2782 7,49
502 2710 547 2783 (p.
562 2703 636 2785 498,
655 2704 705 2786 a);
728 2722 777 2785 ep.
793 2705 820 2784 I,
844 2706 936 2784 18,l9
959 2707 1003 2787 (p.
1019 2706 1094 2787 581,
1116 2706 1160 2790 a).
1204 2707 1377 2790 „Namque

200 2817 313 2898 lnquit,
335 2834 405 2880 cum
421 2814 474 2878 bic
491 2815 655 2896 utriusque
673 2816 852 2895 scripturae
870 2822 966 2881 testes
985 2819 1209 2897 producantur,
1228 2817 1297 2882 lieri
1316 2837 1374 2890 non

199 2927 341 3007 potuisse
356 2926 492 3003 videtur,
515 2933 552 2990 ut
568 2926 666 2988 codex
680 2925 707 2990 V
724 2926 818 3006 plane
833 2927 1044 3007 omitteretur,
1067 2945 1161 3009 quam
1183 2928 1222 2994 ob
1238 2947 1304 2992 rem
1319 2934 1376 2992 aut

199 3042 265 3101 tres
280 3019 282 3027 ¹
295 3038 327 3102 iu
358 3041 510 3116 quattuor
531 3053 599 3100 esse
621 3036 825 3116 mutandum,
855 3045 912 3102 aut
940 3056 1036 3102 unum
1060 3039 1199 3103 codicem
1226 3039 1277 3103 his
1299 3038 1375 3103 locis

199 3145 352 3212 deiecisse
375 3149 511 3211 statuo.“
555 3146 672 3212 Verum
701 3147 838 3228 primum
862 3147 993 3230 Gruquii
1017 3150 1117 3216 verba
1138 3151 1293 3215 mutanda
1315 3168 1374 3213 non

198 3263 281 3323 sunt.
324 3257 405 3321 Tum
427 3258 455 3322 si
472 3257 637 3324 Menesius
661 3277 755 3323 unum
774 3259 977 3325 Blandinium
992 3262 1177 3326 lacunosum
1196 3261 1292 3326 fuisse
1310 3266 1374 3326 sta·

198 3367 277 3447 tuit,
310 3367 368 3430 has
398 3367 549 3433 lectiones
578 3369 610 3432 in
639 3389 748 3436 earum
771 3388 936 3436 numerum
968 3390 1028 3436 oon
1051 3377 1141 3436 erant
1165 3373 1375 3453 recipiendae,

198 3495 280 3558 quae
300 3479 401 3543 codici
417 3479 443 3539 V
461 3478 625 3558 debentur,
647 3499 720 3544 nam
741 3479 812 3545 lieri
832 3481 946 3561 potuit,
968 3487 1005 3546 ut
1027 3483 1124 3547 etiam
1147 3482 1245 3547 codex
1267 3489 1374 3548 vetus·

197 3588 340 3653 tissimus
355 3607 577 3670 nonnunquam
598 3589 757 3672 deficeret,
779 3592 838 3670 vel,
861 3594 895 3657 id
917 3594 1001 3672 quod
1025 3594 1124 3658 multo
1147 3594 1224 3657 mihi
1247 3595 1374 3660 videtur

197 3697 402 3778 probabilius,
425 3705 586 3797 vetustate
606 3718 644 3764 ac
665 3701 823 3782 frequenti
847 3721 907 3767 usu
921 3703 1108 3769 obscuratus
1131 3709 1223 3768 esset.
1268 3705 1373 3782 Quare

197 3809 274 3889 quid
302 3807 366 3873 illis
388 3809 465 3875 locis
488 3812 519 3876 in
542 3814 650 3878 codice
673 3812 829 3895 Viderit,
852 3815 994 3896 expediri
1017 3835 1077 3881 non
1100 3821 1215 3896 potest.
1238 3849 1280 3861 -

750 4011 820 4094 §a

280 4142 352 4208 Jom
383 4152 420 4210 ut
448 4147 489 4211 ad
523 4146 619 4212 aliam
642 4148 861 4229 quaestionem
884 4155 1103 4231 transeamus,
1131 4151 1236 4218 decies
1260 4141 1373 4218 maes

196 4254 383 4321 Blandinius
399 4258 441 4336 (c.
456 4258 483 4338 I,
502 4258 590 4338 l4,l;
613 4259 657 4338 H,
675 4260 765 4337 18,8;
787 4260 846 4339 ΙΙΙ,
869 4261 958 4340 24,4;
981 4261 1072 4342 27,7;
1093 4262 1149 4341 IV,
1173 4263 1261 4343 1203
1286 4263 1371 4340 158,

197 4361 306 4446 15,11;
331 4365 386 4446 18;
409 4372 470 4432 sat.
486 4368 512 4449 I,
536 4369 646 4448 1,108;
669 4388 743 4451 ap.
762 4371 837 4456 114)
856 4379 1130 4454 commemoratur,
1152 4374 1257 4440 decies
1272 4393 1371 4454 quaa·

1373 5030 1480 5040 ⁷5>

1554 4159 1557 4337 l

1530 4843 1556 5040 l
