3118 5060
559 255 772 320 ..49-

95 427 241 493 editiones
255 426 429 508 impressas
444 423 626 508 significare
641 424 752 505 soleat,
775 423 821 489 nil
844 422 942 490 habet
965 423 1065 490 dubii.
1107 423 1186 489 lum
1209 441 1268 506 per

95 539 185 605 verba
205 539 349 621 ,quidm
365 537 496 602 codiace'
517 535 660 618 intellegi
677 535 746 600 vult
767 534 987 615 manuscripta
1002 535 1133 599 minoris
1155 534 1263 615 pretii,

93 655 246 715 cartonen
261 646 468 712 Blandinium
485 647 753 728 antiquissimum.
784 645 957 711 Praeterea
973 643 1264 727 scripturamque
1342 641 1344 646 ’

91 766 121 825 et
141 761 210 841 ipsa
223 759 427 826 commendat
448 757 615 824 lectionem
639 755 704 836 ,act
748 757 856 834 Quare
877 756 957 821 nibil
979 761 1039 835 est,
1061 773 1117 821 cur
1133 755 1264 836 Cruquii

89 871 283 936 adnotationi
305 868 386 936 fides
407 887 469 934 non
492 868 666 950 tribuatur,
688 869 879 950 praesertim
901 885 974 934 corn
996 885 1035 932 ea
1057 867 1130 950 ipsa
1151 867 1265 934 Diraei

89 982 201 1048 codicis
233 980 369 1048 lectione
401 978 590 1046 confirmata
620 979 778 1046 rideatur.
830 977 1003 1063 (Matthias
1033 980 1073 1046 de
1103 978 1163 1044 hoc
1193 977 1262 1044 loeo

89 1093 164 1158 nihil
184 1093 369 1171 enarravit).
391 1127 434 1140 -

167 1204 290 1270 Deinde
317 1203 478 1270 Blandinii
504 1202 670 1285 scriptura
702 1202 858 1284 ,tantum',
888 1219 970 1284 quae
1000 1201 1120 1284 legitur
1141 1201 1183 1266 ad
1205 1206 1278 1267 sat

89 1315 130 1394 11,
150 1315 254 1397 3,313,
276 1314 352 1395 quin
375 1314 542 1380 verissima
563 1314 616 1394 sit,
639 1312 703 1380 iam
725 1313 890 1379 Bentleios
913 1312 1033 1378 criticis
1057 1330 1180 1378 ornnem
1205 1313 1266 1380 du·

88 1412 270 1493 bitationem
293 1425 374 1491 adeo
396 1424 547 1504 sustulit,
574 1431 611 1490 ut
633 1425 666 1490 iu
688 1424 941 1491 commendanda
963 1442 1001 1489 ea
1030 1424 1152 1489 nubum
1177 1423 1266 1489 ultra

84 1537 212 1603 verbum
233 1541 268 1602 at
288 1553 418 1618 operam
441 1555 461 1601 a
482 1553 533 1602 me
555 1537 671 1602 insumi
692 1553 772 1618 opus
794 1537 858 1616 sit,
879 1519 1081 1618 'praesertim
1104 1550 1176 1601 cum
1191 1535 1268 1600 Kel-

83 1647 166 1714 lerus
187 1647 311 1714 Bentlei
333 1653 521 1730 argumenta
550 1648 629 1714 adeo
657 1648 846 1731 neglexerit,
891 1653 929 1712 ut
950 1666 989 1714 ne
1010 1647 1109 1714 verbo
1137 1647 1266 1732 quidem

83 1779 121 1824 aa
142 1765 298 1842 tangeret
320 1795 363 1806 --

164 1871 307 1952 Denique
339 1870 506 1937 labdonem
536 1870 716 1952 quandam,
752 1887 853 1951 qnae,
886 1871 949 1935 etsi
979 1887 1040 1936 non
1070 1869 1260 1935 exhibeatur
1364 1887 1366 1892 ·

82 2001 143 2048 ono
163 1983 271 2050 codiee
285 1981 454 2048 Blandinio
476 1981 713 2063 antiquissimo,
735 1986 842 2046 tamen
865 1987 994 2063 praeter
1022 1981 1106 2046 hunc
1128 1981 1162 2046 in
1183 1999 1263 2062 pau·

81 2094 217 2161 cissimis
251 2099 379 2159 tantum
407 2092 620 2160 deterioribus
650 2093 743 2158 libris
772 2093 894 2173 scripte
929 2091 1065 2175 legitur,
1102 2091 1162 2156 hoc
1197 2093 1266 2158 loco

80 2210 220 2270 tractare
252 2203 389 2271 fortasse
420 2223 481 2270 oon
509 2211 561 2270 eet
588 2204 771 2270 absurdum.
815 2202 950 2269 Plurimi
978 2204 1061 2269 enim
1091 2207 1187 2284 atque
1209 2219 1267 2285 op-

80 2315 152 2382 timi
180 2315 307 2384 codices
327 2317 370 2382 ad
392 2334 417 2381 c.
440 2314 498 2396 tv,
527 2315 602 2394 433
623 2316 778 2398 praebent
799 2313 993 2398 perficient,
1015 2313 1156 2379 nonnulli
1179 2333 1261 2397 ,per-

81 2425 217 2508 ficient',
251 2427 441 2494 Blandinius
476 2427 720 2510 antiquissimus
753 2443 825 2494 cum
861 2425 1024 2492 'turicensi
1064 2424 1263 2510 ,perficium

80 2557 178 2622 quam
198 2539 390 2622 scripturam
413 2545 602 2621 receperunt
623 2538 786 2620 Hauptius
816 2536 1028 2622 (Vahleous),
1063 2537 1139 2604 Luc.
1162 2539 1266 2605 Muel-

81 2651 184 2730 lerus,
217 2650 479 2732 Dillenburgerus
503 2648 556 2733 (cf.
579 2650 659 2715 dier.
682 2667 788 2743 gymn.
810 2647 915 2715 Berel.
938 2667 967 2714 a
1002 2650 1102 2730 1881,
1124 2669 1155 2732 p.
1170 2650 1262 2736 336),

78 2762 287 2842 Schuetzius,
318 2761 354 2827 0.
375 2761 548 2828 Nauckius.
591 2759 635 2826 ot
666 2766 745 2842 poto
773 2777 844 2825 eam
877 2777 947 2826 esse
971 2759 1071 2826 solam
1104 2779 1178 2827 uere
1204 2781 1261 2846 ge-

77 2874 219 2939 nuinam.
278 2871 361 2938 Nam
406 2872 567 2938 Hannibal
613 2873 823 2938 antecedente
868 2871 1003 2953 stropha
1038 2870 1262 2955 Hasdrubalis,

77 2986 171 3052 cuius
191 2985 225 3051 in
246 2983 366 3050 auxilio
388 3003 538 3068 magnam
560 3003 650 3067 spem
673 2983 901 3065 collocaverat,
921 2982 1047 3048 cladem
1070 2984 1113 3048 ad
1135 2983 1261 3049 Metau-

76 3115 151 3160 rum
172 3095 292 3161 flumen
313 3113 372 3178 per
391 3096 560 3162 chudium
582 3095 740 3163 Neronem
769 3099 935 3178 acceptam
964 3113 1166 3178 summopere
1188 3091 1262 3162 cou-

76 3211 224 3289 qncstua,
244 3223 318 3272 cum
332 3204 478 3272 ultimam
494 3206 557 3272 sibi
572 3224 662 3287 spem
676 3207 792 3272 salotis
806 3207 916 3272 videm
940 3207 1128 3289 praecisam,
1151 3207 1263 3273 condo

74 3319 176 3384 huius
197 3317 392 3384 calamitatis
418 3323 583 3400 tamquam
614 3317 737 3384 fractus
760 3324 793 3384 et
822 3317 930 3384 dolore
958 3335 1132 3400 oppressus
1159 3319 1263 3385 excla-

72 3435 146 3494 mat
169 3427 243 3510 „Nil
265 3429 420 3497 Claudiae
442 3448 503 3496 non
525 3429 695 3513 perficiunt
717 3429 924 3512 manus’'*⁸).
968 3429 1092 3498 Deinde
1113 3429 1258 3496 laturum

73 3549 208 3624 tempus
230 3559 270 3607 ne
291 3541 369 3608 feni
384 3542 511 3623 quidem
528 3561 632 3625 posse,
653 3547 765 3625 aperte
781 3543 884 3625 docet,
905 3560 989 3625 quae
1011 3541 1165 3623 secamur,
1187 3558 1261 3608 seo·

74 3655 200 3735 tentia,
231 3653 266 3718 id
288 3654 375 3735 quod
396 3653 537 3721 dilucide
558 3655 804 3737 perspiciemus,
823 3654 855 3720 si
877 3653 936 3719 hos
957 3669 1070 3720 versuo
1092 3651 1261 3719 vernacule

73 3765 289 3831 verterimus:
323 3763 448 3845 ,Nichts
476 3765 556 3832 wire
585 3767 649 3833 deo
670 3767 789 3831 Arinen
819 3765 878 3830 der
899 3764 1051 3831 claudier
1079 3763 1262 3848 unmoglich
1316 3849 1327 3865 ἱ

73 3878 145 3942 sein
170 3913 213 3923 -
238 3878 304 3942 und
335 3877 581 3960 scharfsiehtige
605 3877 827 3942 Aebtaamlreit
852 3877 946 3942 ›fttbrt
974 3876 1135 3958 glbeklielr
1157 3877 1261 3942 durch

74 3991 132 4054 die
156 3988 297 4070 Klippen
319 3989 377 4055 des
400 3987 553 4071 Kriegea’.
598 3989 685 4066 Quas
712 3989 889 4054 sententiaa
918 4007 979 4055 non
1002 4005 1071 4053 esse
1093 3989 1260 4054 caecinnae

73 4099 287 4166 manifestum
310 4108 369 4167 est
414 4101 587 4167 Praeterea
609 4103 641 4166 in
658 4103 719 4167 hae
732 4100 867 4182 strophe
889 4098 1056 4182 ,manibus’
1078 4098 1097 4162 i.
1117 4117 1147 4164 a
1163 4098 1261 4166 lorti-

72 4210 187 4275 tudiui
204 4210 414 4278 Claudiorum
438 4213 584 4280 consulto
606 4231 626 4277 a
647 4219 744 4294 poeta
758 4211 876 4294 opponi
891 4212 1083 4278 monendum
1105 4218 1156 4275 eat
1176 4212 1261 4292 ipso-

173 4357 229 4434 46)
251 4353 364 4416 Versus
395 4353 519 4414 ta-te
549 4353 732 4428 Hannibali,
764 4373 825 4412 non
854 4356 962 4430 poetae
992 4372 1056 4412 esse
1083 4353 1259 4418 tribuendos

70 4481 159 4521 nunc
182 4459 390 4520 interamnae
414 4461 539 4519 constat.

1035 4552 1054 4606 4
