3118 5060
595 275 808 342 ...27-

122 446 216 512 codici
237 464 308 513 csse
329 445 560 514 abiudicandas
591 465 710 512 censeo.
755 447 802 510 Ac
824 446 960 527 primum
984 444 1112 526 quidem
1135 440 1294 522 cruqnius

121 558 158 621 ad
178 561 235 622 sat.
257 557 300 636 11,
322 559 371 635 3,1
396 558 475 624 haec
490 557 670 624 adnotavit:
692 560 742 636 „si
762 578 839 622 roro
861 556 973 621 10111111
995 560 1033 620 et
1054 559 1073 618 1.
1096 553 1175 618 haec
1197 551 1293 617 lectio

119 671 164 731 est
178 668 273 732 trium
289 668 432 734 codicum
447 668 686 734 Blandiniorum
707 686 779 733 cum
795 666 955 746 Martinio,
978 684 1073 747 quarn
1089 683 1151 730 non
1175 669 1294 728 temere

119 778 226 858 putavi
257 779 459 860 vulgandam.
493 798 564 845 nam
601 789 731 861 practer
760 779 903 844 codicum
933 775 1046 841 Bland.
1081 773 1294 840 venerandam

119 889 339 970 antiquitatem
370 890 450 957 etc.”
493 890 617 970 Quibus
638 911 677 955 on
706 889 812 956 verbis
835 888 1001 954 Menenius
1031 887 1223 967 scripturam
1247 883 1293 962 ,si'

119 999 148 1061 in
170 997 276 1063 codice
299 1000 327 1063 V
349 998 446 1065 inisse
461 1000 609 1082 colligere
630 999 767 1066 uidetur.
811 1000 881 1064 Non
903 1005 999 1080 recte,
1022 1003 1058 1062 ut
1079 1001 1168 1078 puto.
1212 994 1294 1058 Nam

118 1109 168 1188 qui
183 1115 302 1191 quanto
317 1111 426 1177 studio
446 1111 526 1178 haee
541 1111 701 1194 scriptura
716 1129 736 1176 a
751 1111 889 1193 Oruquio
911 1107 1150 1175 commendetur
1171 1103 1294 1188 legerit,
1413 1139 1415 1144 .

116 1217 216 1285 iacere
230 1238 290 1285 non
306 1222 434 1301 poterit,
457 1221 533 1303 quin
550 1223 690 1303 miretur,
713 1241 770 1288 eur
786 1221 945 1302 (iruquius
967 1236 1028 1282 non
1050 1216 1152 1298 ipsius
1174 1215 1292 1281 codicis

118 1329 326 1410 antiquissimi
348 1332 573 1426 auctoritatem
595 1331 830 1413 interposuerit.
874 1332 988 1411 Itaque
1009 1328 1069 1393 hoc
1091 1327 1160 1391 loco
1182 1343 1294 1407 „vene-

116 1441 245 1505 randam
268 1442 410 1508 codicum
426 1441 667 1507 Blandiniorom
683 1441 927 1508 auctoritatem“
950 1438 1084 1505 laudans
1105 1437 1138 1502 id
1159 1435 1295 1502 maxime

116 1551 191 1632 agit,
222 1561 257 1615 ut
288 1553 477 1618 sententiam
506 1570 596 1616 suam
627 1553 744 1619 reddat
773 1550 1028 1633 probabiliorem.
1050 1585 1092 1596 -
1122 1548 1222 1612 Porro
1251 1545 1293 1609 ad

116 1661 255 1725 eiusdem
276 1662 397 1728 satirae
417 1683 447 1728 1.
470 1661 534 1727 300
556 1661 722 1729 Menesius
751 1663 853 1730 codici
874 1662 904 1727 V
926 1660 1098 1742 adscripsit
1127 1659 1295 1723 lectionem

116 1770 161 1849 ,si‘
191 1777 340 1852 spectans
370 1773 411 1836 ad
443 1772 576 1853 Oruquii
607 1774 705 1839 verba
736 1774 890 1838 adnotata
922 1771 962 1836 ad
997 1789 1122 1836 versum
1154 1769 1292 1850 primum

115 1879 159 1962 (p.
173 1881 248 1963 439,
257 1883 305 1967 a):
328 1883 442 1965 „vulgo
460 1883 578 1964 legitur
601 1883 706 1951 Stoice
722 1890 800 1967 post
820 1885 973 1949 domama
993 1882 1039 1946 sic
1060 1881 1182 1945 vendas
1204 1900 1229 1942 o.
1247 1898 1293 1960 p,

113 1991 167 2056 ubi
188 1993 300 2075 scripti
319 1994 443 2058 codices
465 1992 585 2059 habent
601 1993 707 2060 Stoice
722 1999 800 2077 post
820 1995 973 2060 damnem
994 1993 1165 2058 sinendos
1187 1990 1295 2054 mania

108 2104 174 2184 pl.’'
217 2103 335 2168 Verum
365 2106 407 2169 ad
436 2105 540 2185 ipsum
562 2126 592 2170 1.
615 2106 679 2171 300
709 2103 859 2184 leguntur
887 2106 967 2170 baec
998 2105 1044 2185 (p.
1066 2102 1140 2181 456,
1149 2104 1200 2180 a):
1245 2099 1294 2179 „si

112 2214 233 2277 vendas
259 2215 367 2278 ornain
388 2215 506 2297 pluris.
535 2214 617 2281 hanc
646 2214 812 2280 lectionem
842 2214 947 2281 inveni
979 2215 1010 2279 in
1041 2211 1166 2278 duobus
1194 2208 1292 2273 codic.

115 2323 211 2388 Mart.
233 2329 267 2388 et
288 2323 359 2390 Diu.
384 2325 501 2390 Silvius
530 2325 627 2390 etiam
658 2324 756 2390 habet
778 2326 807 2390 si
828 2326 884 2391 sed
908 2343 977 2390 oum
1002 2345 1018 2389 c
1040 2324 1150 2388 littera
1180 2336 1292 2400 supra-

111 2432 259 2514 scripta.”
303 2434 416 2516 Itaque
445 2453 515 2500 oum
546 2434 651 2516 priore
673 2434 742 2499 loco
769 2454 828 2517 per
857 2434 956 2501 uerba
987 2434 1118 2516 „scripti
1149 2430 1292 2497 codices’‘

111 2561 170 2606 non
201 2562 309 2610 omues
342 2545 474 2628 Gruqoii
503 2546 578 2611 libri
608 2545 672 2612 sint
700 2546 932 2627 intellegenda,
963 2547 1040 2626 quid
1070 2545 1102 2609 in
1133 2541 1292 2622 Vfuerit‚

110 2653 341 2719 00001000.-
376 2657 520 2737 Denique
542 2658 584 2722 ad
606 2676 632 2722 c.
655 2657 705 2735 II,
728 2658 780 2734 6,5
808 2658 963 2737 scriptum
995 2655 1127 2737 legitur:
1171 2653 1293 2731 „Tibur

109 2761 189 2845 Arp.
204 2762 298 2829 aliter
312 2763 433 2848 Arqioo
447 2766 479 2850 in
495 2767 593 2832 codic.
610 2766 725 2831 Bland.
747 2766 992 2831 vetustissimo'’.
1024 2766 1137 2845 ltaque
1152 2762 1291 2844 ,Argivo'

109 2891 171 2938 non
187 2879 238 2940 cst
252 2892 328 2940 vera
343 2875 462 2940 codicis
476 2877 638 2957 scriptura
659 2877 715 2942 sed
731 2877 823 2942 varia
844 2876 938 2942 lectio
959 2875 1187 2957 suprascripta,
1210 2891 1292 2954 quae

108 3003 208 3066 prave
230 3005 250 3051 a
272 2986 419 3052 Mewesio
442 2987 503 3068 ipsi
526 2987 626 3054 codici
649 2987 810 3054 tribuitur.
835 3025 876 3035 —

653 3158 673 3240 1
697 3158 746 3222 10.

197 3292 353 3369 Quoniam
376 3291 475 3372 igitur
497 3311 561 3374 qua
583 3293 636 3358 via
657 3312 695 3358 ac
724 3294 847 3359 ratione
871 3295 1033 3362 Blandinii
1062 3295 1179 3360 codicis
1208 3292 1291 3356 anti-

106 3402 255 3483 quissimi
285 3403 436 3468 lectiones
466 3423 503 3467 ex
527 3403 657 3485 cruquii
687 3405 945 3470 adnotationibus
973 3406 1130 3471 eruendae
1152 3405 1217 3468 sint
1239 3419 1291 3465 ex-

104 3514 289 3593 posuimus,
320 3514 384 3577 iam
404 3533 457 3578 eas
487 3515 574 3595 ipsas
596 3514 628 3579 in
652 3534 747 3580 uuum
776 3533 1000 3596 congeramus,
1031 3519 1144 3596 atque,
1172 3518 1207 3577 ut
1229 3529 1291 3577 uno

105 3624 202 3702 quasi
224 3631 395 3705 conspectu
417 3631 495 3706 quot
518 3643 610 3689 veras
631 3626 789 3706 exhibeat,
812 3633 887 3708 quot
911 3624 1010 3691 falsas
1033 3626 1206 3703 videamus,
1228 3621 1290 3686 lec·

103 3733 210 3797 tiones
233 3740 319 3798 certe
341 3735 496 3816 genuinas
527 3736 645 3806 circulo
668 3735 738 3818 (⁰),
768 3736 853 3800 haud
882 3736 979 3801 dubie
1009 3735 1106 3802 falsas
1138 3732 1291 3798 asterisco

103 3842 154 3928 (*)
181 3843 369 3910 notabimus.

546 4040 744 4095 carminum
764 4039 854 4097 libri.

686 4169 710 4233 1.

197 4323 256 4405 1,7.
280 4321 485 4406 ,⁰mobilium’
502 4359 540 4368 -
560 4325 609 4388 13.
633 4323 814 4406 ,dimoveas'
837 4362 877 4370 -
900 4325 951 4388 33.
974 4321 1223 4406 ,⁰Polyhymnia'
1247 4358 1289 4367 -

99 4435 191 4515 2,31.
225 4433 437 4514 ,⁰candentes’
470 4435 534 4516 (vel
558 4434 676 4515 ,—is')
699 4469 741 4478 -
770 4435 851 4515 3,19.
883 4432 1066 4513 ,turbidum'
1097 4433 1210 4517 [1,11]
1239 4435 1289 4499 36.
